1959 3319
220 121 305 169 394‘
833 125 1140 166 ADDENDA.

225 231 284 270 les
305 243 499 283 passages
530 227 744 281 pal-alleles
767 228 815 267 de
838 227 1015 280 Virgile,
1046 228 1149 267 dont
1179 227 1236 267 les
1266 242 1354 268 vers
1378 230 1472 267 sont
1493 227 1746 281 quelquesois

225 298 337 346 cites,
361 313 410 338 en
436 297 612 337 eci-iture
643 295 842 335 italienne
872 296 928 335 du
960 295 1060 335 XV⁰
1081 296 1213 336 siecle.
1274 297 1314 336 Il
1346 296 1470 336 serait
1501 294 1667 335 difficile
1698 295 1747 335 dc

227 365 476 407 determiner
512 363 703 417 l'origine
739 364 788 404 de
825 378 869 403 ce
905 364 1146 404 manuscrit.
1209 365 1289 404 Sur
1323 364 1360 404 le
1396 364 1557 404 dernier
1590 363 1748 404 fenillet

224 436 275 475 de
295 433 434 488 garde,
456 433 711 481 tres-avarie,
739 448 791 473 on
814 432 863 473 lit
884 448 935 473 en
956 434 1179 473 caracteres
1200 433 1423 487 gothiques
1443 433 1587 474 cursifs
1604 449 1611 473 z

770 502 877 551 1460
901 501 1021 540 Luizi
1044 502 1069 540 d
1095 534 1101 542 .
1126 534 1133 542 .
1161 535 1168 542 .
1195 534 1202 541 .

644 570 684 609 V
687 571 749 610 issi
772 585 815 622 p.
838 584 903 609 me
926 570 1149 609 Francesco
1169 571 1195 610 d
1221 603 1228 610 .
1253 604 1259 612 .
1285 602 1292 610 .
1318 602 1325 609 .

283 641 363 680 Les
384 640 491 680 deux
512 654 631 679 noms
652 653 820 693 propres
844 637 895 678 de
924 638 963 677 la
990 638 1047 677 fin
1077 641 1171 678 sont
1196 652 1340 678 encore
1371 639 1464 691 plus
1495 638 1640 679 effaces
1670 653 1749 692 que

223 710 260 749 le
286 713 403 758 reste,
426 707 476 748 de
508 711 593 747 sort
624 721 701 761 que
734 706 816 748 l’on
847 705 940 747 n’en
971 710 1072 760 peut
1097 706 1185 746 rien
1214 707 1446 748 dechiffrer.
1507 706 1752 760 Cependant

223 778 264 818 la
286 778 413 818 forme
435 776 553 816 Enim?
575 776 728 816 semble
750 774 940 829 indiquer
961 790 1017 814 un
1038 775 1308 828 proprietaire
1329 774 1562 816 venetien.”

282 848 469 899 Apparet
490 859 539 885 ex
560 844 625 885 his
646 859 792 885 verum
813 858 898 885 esse
920 844 1029 898 qnod
1054 844 1098 883 in
1129 845 1209 884 fine
1241 844 1515 885 Praefationis
1545 843 1642 892 dixi,
1667 858 1749 884 non

225 914 450 967 indignum
485 928 571 953 esse
611 913 723 953 hunc
765 912 944 953 codicem
979 913 1049 967 qui
1091 916 1206 954 totus
1248 914 1492 961 excutiatur,
1532 927 1656 966 quum
1699 913 1751 952 ad

225 983 326 1023 alias
351 996 508 1036 quoque
536 980 774 1034 rhapsodias
805 980 924 1034 plura
954 996 1211 1021 conservasse
1243 981 1372 1034 possit
1398 996 1499 1034 quae
1521 981 1564 1020 in
1587 980 1752 1021 scholiis

224 1051 401 1092 vetustis
437 1049 730 1090 Alexandrinis
765 1050 866 1089 olim
907 1050 1013 1090 lecta
1049 1049 1092 1089 in
1133 1050 1290 1099 ceteris,
1328 1049 1477 1103 quibus
1513 1049 1647 1090 adhuc
1688 1049 1750 1089 usi

225 1135 367 1161 snmus
389 1118 611 1168 codicibus,
633 1132 717 1158 non
742 1117 949 1172 legantur.

286 1378 547 1419 Scholiorum
569 1393 608 1432 p.
628 1391 645 1418 Ι
672 1381 714 1418 et
738 1390 774 1419 2.
802 1377 1031 1418 Aristonici
1054 1377 1375 1427 Praefationem,
1398 1377 1515 1418 cuius
1543 1377 1754 1432 fragmen-

226 1451 317 1487 tum
354 1447 398 1486 in
435 1447 534 1487 folio
569 1446 721 1487 codicis
752 1446 906 1486 Veneti
939 1446 978 1486 A
1010 1449 1157 1487 'octavo
1192 1445 1351 1486 detexit
1385 1446 1579 1496 Cobetus,
1613 1447 1752 1487 eodem

228 1520 423 1573 scriptam
457 1519 581 1559 fuisse
617 1521 733 1573 patet
769 1518 939 1559 consilio
975 1534 1055 1572 quo
1092 1518 1163 1559 alii
1197 1518 1386 1559 nonnulli
1421 1519 1512 1559 aevi
1545 1519 1754 1574 Augustei

226 1588 590 1641 proximorumque
622 1586 852 1628 seculorum
890 1587 1155 1640 grammatici
1192 1588 1242 1627 (le
1279 1588 1411 1641 signis
1442 1588 1598 1628 criticis
1628 1588 1753 1629 disse—

228 1659 414 1706 ruerunt,
438 1656 515 1696 etsi
538 1655 691 1696 finibus
713 1654 1067 1709 circumscriptam
1089 1655 1345 1705 arctioribus,
1368 1671 1497 1710 quum
1519 1656 1756 1697 Aristonico

227 1739 310 1764 non
332 1725 381 1764 de
404 1723 608 1773 omnibus,
632 1724 702 1764 sed
730 1722 779 1763 de
805 1723 929 1763 solius
951 1723 1185 1764 Aristarchi
1208 1726 1382 1775 σημείοις
1406 1724 1616 1778 agendum
1638 1728 1754 1773 esset,

228 1809 332 1847 quae
363 1809 435 1847 per
465 1792 783 1835 commentarios
815 1792 977 1833 criticos
1010 1808 1150 1846 sparsa
1181 1793 1437 1833 coniunctim
1469 1796 1511 1834 et
1541 1793 1682 1834 ordine
1713 1794 1756 1833 in

230 1862 490 1903 Praelatione
525 1862 721 1916 explicari
756 1876 840 1902 non
876 1860 1039 1902 inutilis
1074 1861 1200 1902 etiam
1231 1861 1485 1902 doctioribus
1521 1862 1755 1912 lectoribus,

229 1930 299 1984 qui
332 1930 434 1971 talia
465 1933 671 1979 curarent,
706 1930 821 1971 labor
855 1930 948 1970 fuit.
1011 1930 1068 1970 Et
1108 1930 1165 1970 sic
1198 1930 1270 1970 alii
1302 1945 1462 1984 quoque
1494 1930 1757 1984 grammatici

228 1999 439 2039 interdum
470 1998 672 2039 lectorum
703 1998 929 2039 commodis
965 1998 1262 2039 consuluerunt
1291 1999 1526 2052 praemissis
1556 1998 1758 2039 Praefati-

229 2068 377 2108 onibns
412 2067 562 2122 quibus
594 2067 793 2108 librorum
827 2067 878 2107 ab
911 2082 952 2107 se
981 2067 1229 2121 scriptorum
1261 2069 1557 2120 argument-um
1588 2070 1630 2107 et
1661 2081 1757 2107 con-

230 2136 367 2176 silium
394 2136 634 2176 summatim
655 2139 930 2189 exponerent:
969 2151 1018 2176 ex
1050 2151 1129 2189 quo
1160 2149 1310 2189 genere
1338 2134 1524 2175 Erotiani
1556 2134 1758 2175 Praefati-

229 2219 348 2245 onem
372 2203 513 2245 Lexici
538 2203 811 2257 Hippocratei
838 2203 1086 2244 memoravit
1108 2203 1304 2252 Cobetus,
1326 2203 1392 2243 cui
1422 2203 1569 2243 addere
1596 2207 1760 2256 poterat

232 2272 461 2313 Herodiani
488 2272 686 2312 librorum
720 2271 894 2312 duorum
926 2272 1013 2324 περὶ
1044 2271 1235 2323 μονήρους
1267 2272 1409 2322 λέξεως
1441 2271 1758 2313 Praefationem.

231 2340 483 2381 Huiusmodi
510 2343 651 2381 antem
680 2340 723 2380 in
745 2339 1077 2380 Praefationibus
1105 2339 1371 2393 grammatici
1394 2339 1566 2393 vulgare
1587 2355 1667 2394 quo
1696 2340 1759 2380 uti

232 2409 366 2450 solent
396 2424 528 2463 genus
560 2408 765 2449 scribendi
794 2408 1002 2449 interdum
1036 2412 1202 2448 ornatae
1231 2408 1297 2449 vel
1328 2408 1530 2462 figuratae
1561 2409 1759 2450 orationis

231 2477 461 2519 luminibus
492 2476 786 2518 distinxerunt.
852 2476 920 2518 Sic
954 2476 1217 2517 Herodianus
1248 2478 1292 2517 in
1324 2477 1583 2519 Praefatione
1615 2493 1687 2519 sua
1718 2493 1758 2531 p.

233 2560 272 2597 4,
297 2559 364 2601 30.
399 2546 647 2600 analogiam,
671 2546 721 2586 de
741 2561 822 2600 qua
844 2546 1001 2586 multus
1023 2546 1064 2585 in
1089 2546 1255 2599 seriptis
1286 2546 1372 2587 cius
1402 2562 1533 2587 sermo
1564 2550 1638 2595 est,
1665 2561 1760 2587 cum

234 2615 312 2656 reti
345 2614 601 2669 comparavit
634 2615 742 2669 quod
778 2615 931 2655 fluxam
969 2618 1010 2654 et
1046 2614 1283 2655 variabilem
1321 2614 1537 2655 hominum
1569 2615 1760 2669 linguam

234 2684 479 2733 contineret,
506 2684 528 2735 ἡ
553 2683 683 2735 πάσης
714 2682 859 2734 λέξεως
888 2682 1123 2733 Ἑλληνικῆς
1151 2687 1318 2724 ποιοῦσα
1348 2685 1536 2736 πρόνοιαν
1568 2684 1762 2736 ἀναλογία

236 2753 298 2793 καὶ
324 2753 488 2804 ὡσπερεὶ
520 2754 563 2793 ἐν
594 2753 730 2807 δικτύῳ
763 2752 987 2805 συνέχουσα
1017 2751 1060 2791 τὸ
1088 2753 1326 2804 πολυσχιδὲς
1356 2754 1422 2802 τῆς
1449 2755 1524 2792 τῶν
1550 2752 1761 2804 ἀνθρώπων

233 2822 421 2872 γλώσσης
462 2821 622 2874 φθέγμα
657 2821 702 2877 τῇ
733 2821 866 2874 τέχνῃ.
949 2820 1076 2860 Porro
1114 2820 1156 2859 in
1194 2820 1273 2860 fine
1310 2819 1581 2860 Praefationis
1616 2820 1760 2860 Iovem

233 2889 463 2929 studiorum
501 2905 667 2930 suorum
709 2889 912 2930 fautorem
946 2888 1126 2938 invocat,
1165 2904 1203 2942 p.
1237 2900 1275 2942 5,
1299 2903 1366 2943 31.
1419 2888 1581 2941 ἀρκτέον
1613 2890 1652 2929 δὲ
1686 2891 1760 2929 τῶν

233 2959 406 2998 κανόνων
437 2960 622 3007 ἐντεῦθεν,
657 2959 719 2999 καὶ
744 2962 892 3011 πρῶτος
920 2958 1008 3009 ἡμῖν
1042 2957 1128 2999 θεὸς
1162 2958 1354 3010 παρέστω·
1407 2959 1552 2998 δίκαιον
1585 2959 1658 3009 γὰρ
1693 2957 1760 3006 τὴν
