1959 3319
790 150 999 191 ADDEN
1006 149 1099 190 DA.
1620 149 1702 187 405

237 268 334 323 388,
358 279 511 322 9-12.
544 267 647 308 Zoili
690 267 795 307 hano
831 281 916 307 esse
952 263 1266 306 annotationem
1302 261 1472 311 conieci,
1504 262 1705 315 probante

181 336 338 377 Cobeto
360 336 521 376 Mnem.
545 350 675 376 novae
696 335 778 376 vol.
800 349 828 386 4
848 350 887 389 p.
913 343 1008 386 254,
1030 333 1101 387 qui
1123 334 1334 385 comparat
1355 329 1508 370 similes
1529 333 1705 370 annot-a-

179 405 314 445 tiones
345 404 396 444 ad
429 403 479 444 Il.
507 415 571 457 15,
599 415 693 459 137.
725 403 770 444 in
801 403 936 444 codice
966 401 1246 449 Townleiano‚
1281 401 1340 440 καὶ
1372 403 1451 441 πῶς
1483 399 1503 438 ὁ
1533 402 1707 440 τοιοῦτος

180 472 304 524 πατὴρ
330 473 481 525 ἀνδρῶν
512 476 609 513 θεῶν
630 489 696 522 τε,
730 476 778 513 ut
809 470 1039 512 Christiani
1071 469 1318 510 Homericos
1347 469 1444 508 deos
1475 466 1707 508 maledictis

180 540 455 591 incessebant,
491 544 534 582 et
568 541 620 581 ad
651 541 703 582 Il.
740 551 803 593 17,
834 549 930 592 225.
966 550 1061 592 227.
1094 538 1139 579 in
1169 537 1332 577 Veneto
1367 536 1407 575 A
1438 536 1582 578 ἄλλως.
1635 537 1708 586 ὅρα

180 609 224 650 τὸ
246 611 424 663 αἰσχρόν·
460 611 772 663 κατατρύχεσθαί
792 616 891 661 φησι
912 609 999 651 τοὺς
1029 611 1166 661 Τρῶας
1198 607 1252 648 εἷς
1283 605 1352 655 τὴν
1383 608 1460 644 τῶν
1491 605 1708 656 συμμάχων

182 678 407 731 διατροφήν.
438 681 481 719 et
503 679 647 720 ἄλλως·
681 679 820 720 σκόπει
847 677 915 728 τὴν
936 677 1086 717 ἄνοιαν·
1120 675 1226 726 ἀξιοῖ
1253 674 1336 715 ἀντὶ
1361 676 1438 713 τῶν
1468 676 1625 724 τροφῶν
1656 674 1709 712 ὧν

182 746 382 800 παρέσχεν
421 747 549 790 αὐτοῖς
590 747 805 788 ἀντιδοῦναι
845 747 912 787 τὰς
951 743 1096 798 ψυχάς.
1178 741 1467 795 Adscripserat
1508 739 1618 788 hacc,
1662 742 1710 779 ub

183 819 326 856 monet
344 814 538 864 Cobetus,
557 814 655 855 olim
673 815 796 855 homo
819 828 1002 854 morosus
1019 816 1061 853 et
1082 811 1345 852 truculentus
1366 810 1411 849 in
1432 822 1503 848 ora
1519 807 1583 848 sui
1600 807 1709 857 libri,

185 882 334 924 deinde
368 882 561 924 librarius
596 898 680 923 non
715 881 940 923 admodum
976 884 1122 921 acutus
1158 879 1313 920 scholia
1345 878 1444 918 haec
1480 890 1566 917 esse
1597 879 1712 916 ratus

183 951 365 1005 praefixo
386 952 518 994 ἄλλως
540 951 693 1004 recepit
713 950 756 990 in
779 949 979 991 ordinem.

243 1030 339 1075 397,
364 1032 431 1074 23.
464 1019 560 1060 Duo
591 1023 690 1059 sunt
722 1017 877 1059 scholia
907 1017 951 1057 in
983 1017 1034 1066 A,
1069 1014 1183 1070 prius
1214 1018 1310 1054 ante
1342 1028 1507 1053 versum
1534 1012 1712 1064 Ἀριστο-

185 1088 314 1142 φάνης
336 1089 383 1130 δι’
405 1090 556 1141 ὁμίλου,
581 1088 760 1128 alterum
783 1086 828 1127 in
849 1086 929 1127 fine
951 1100 1104 1134 11015115,
1127 1084 1171 1124 τὸ
1193 1085 1255 1136 ἐφ’
1278 1085 1418 1134 ὁμίλου
1445 1082 1609 1131 βέλτιον
1633 1083 1714 1121 τοῖς

184 1157 312 1198 ἐπάνω
333 1159 598 1210 προσδιδόναι.

243 1238 343 1281 403,
370 1226 433 1266 16.
465 1225 566 1266 Post
587 1225 680 1265 αὐτό
701 1225 745 1265 in
766 1225 806 1264 A
827 1223 997 1277 signum
1030 1220 1173 1262 scholii
1206 1219 1329 1260 finiti.
1390 1219 1498 1258 Tum
1529 1216 1714 1271 sequitur

186 1293 365 1335 alterum
387 1294 572 1335 scholion
595 1293 663 1350 (ad
685 1308 724 1334 v.
748 1292 850 1349 665)
873 1292 1003 1345 βραχὺ
1025 1289 1286 1331 ὃιασταλτέον
1307 1289 1405 1339 μετὰ
1426 1287 1469 1327 τὸ
1492 1287 1578 1327 ἐών.

242 1375 340 1414 412,
370 1376 434 1418 13.
466 1363 586 1403 Adde
622 1361 807 1403 scholion
846 1357 1189 1413 intermarginale
1225 1356 1276 1397 ad
1308 1372 1346 1396 v.
1386 1356 1466 1406 842
1504 1369 1554 1394 ex
1585 1354 1624 1393 A
1656 1353 1716 1393 ὅτι

188 1431 292 1487 (ἀντὶ
313 1435 382 1472 τοῦ
405 1430 605 1487 Cobetus)
627 1431 842 1480 ὑπολαβὼν
865 1429 981 1470 αὐτοῦ
1003 1431 1070 1468 τοῦ
1093 1427 1239 1482 (codex
1262 1424 1367 1481 τοὺς)
1392 1423 1569 1476 στήθους.

244 1513 342 1551 421,
367 1509 433 1552 27.
465 1503 532 1540 τοῦ
554 1496 686 1556 λίθου]
712 1499 840 1539 Recto
862 1502 939 1538 τῶν
960 1498 1083 1538 λίθων
1104 1496 1156 1536 A.

244 1581 343 1619 424,
368 1569 432 1609 26.
465 1568 509 1609 τὸ
530 1582 596 1609 0111
619 1568 672 1618 A,
694 1568 852 1608 habent
873 1565 954 1606 alii.

838 1930 972 1973 VOL.
1010 1931 1070 1972 II.

252 2127 290 2165 2,
313 2128 354 2166 4.
386 2118 438 2171 τῷ
460 2114 625 2168 γάλακτι
647 2113 826 2154 Bekkeri
847 2112 1084 2154 coniectura
1105 2114 1167 2153 est
1188 2125 1261 2164 pro
1283 2110 1325 2150 τὸ
1348 2110 1465 2162 γάλα,

253 2197 290 2234 2,
314 2185 353 2226 6.
386 2183 473 2241 (Ad
498 2183 623 2225 Verba
643 2188 742 2225 τοῖιν
767 2182 800 2224 δ’
823 2183 923 2235 ἔγνω
945 2181 1136 2237 πρόσθεν)
1159 2181 1253 2233 πρὸς
1274 2181 1317 2221 τὸ
1340 2180 1470 2221 ὃυϊκὸν
1492 2181 1638 2233 σχῆμα.
1699 2177 1721 2229 ἡ

194 2255 235 2294 δὲ
257 2254 438 2306 ἀναφορὰ
457 2253 552 2305 πρὸς
574 2255 621 2294 τὰ
642 2253 730 2304 περὶ
750 2256 826 2293 τῶν
849 2251 1046 2304 Σειρήνων
1074 2251 1202 2301 νηάων
1227 2248 1458 2301 Σειρήνοιιν,
1481 2249 1540 2289 ὅτι
1562 2249 1582 2288 ὁ
1603 2248 1724 2300 λόγος

193 2322 244 2364 ὡς
266 2321 353 2374 περὶ
374 2323 454 2362 δύο.
519 2321 588 2362 Sic
610 2320 709 2362 haec
729 2321 931 2376 leguntur
951 2320 993 2360 in
1018 2320 1070 2369 A,
1092 2319 1143 2359 ab
1166 2318 1436 2359 Lachmanno
1468 2316 1511 2356 in
1542 2316 1628 2369 περὶ
1649 2319 1724 2357 τῶν

195 2390 392 2442 Σειρήνων
434 2395 456 2412 “
471 2389 664 2441 Σειρήνων
715 2388 916 2431 ἆδινάων”
957 2388 1056 2444 (Od.
1102 2400 1169 2442 23,
1212 2386 1326 2442 326),
1376 2384 1594 2436 Σειρήνοιιν
1645 2388 1723 2424 cet.

195 2462 381 2499 mutata:
423 2472 548 2512 quam
585 2458 864 2498 coniecturam
900 2457 1048 2497 falsam
1081 2470 1166 2496 esse
1201 2454 1505 2495 demonstravit
1543 2452 1725 2493 Cobetus

196 2526 359 2568 Mnem.
399 2541 530 2567 novae
570 2526 650 2567 vol.
691 2540 719 2577 4
757 2541 796 2580 p.
842 2537 936 2580 257.
1013 2525 1127 2564 Nam
1164 2523 1371 2564 sententia
1402 2521 1588 2576 postulat
1622 2521 1645 2572 ἡ
1683 2522 1723 2561 δὲ

198 2596 379 2647 ἀναφορὰ
409 2595 504 2646 πρὸς
536 2596 583 2635 τὰ
613 2595 700 2646 περὶ
730 2599 806 2635 τῶν
837 2593 1032 2646 Σειρήνων
1059 2594 1220 2642 (ἐνῆσαν
1253 2590 1472 2643 Σειρήνοιιν
1488 2588 1508 2605 ”
1533 2587 1632 2646 (Od.
1660 2600 1724 2636 12,

203 2662 315 2720 166),
339 2664 398 2703 ὅτι
421 2664 441 2702 ὁ
462 2664 582 2715 λόγος
604 2663 653 2705 ὧς
673 2664 762 2715 περὶ
785 2664 864 2713 δύο,
886 2661 952 2703 cui
974 2661 1060 2702 loco
1081 2660 1162 2700 duo
1183 2658 1331 2699 addere
1353 2660 1517 2711 poterat
1537 2656 1726 2710 exempla

200 2730 307 2772 idem
337 2730 568 2785 probantia,
602 2731 682 2771 Od.
720 2743 783 2780 12,
817 2741 870 2785 52
904 2729 964 2771 ὄπ’
998 2730 1166 2784 ἀκούσῃς
1202 2726 1418 2779 Σειρήνοιιν
1458 2729 1501 2766 et
1537 2724 1630 2779 185.
1662 2726 1726 2764 ἵνα

200 2799 382 2851 νωϊτέρην
404 2798 464 2840 ὄπ’
489 2799 680 2850 ἀκούσῃςε
708 2813 806 2839 nam
829 2798 1011 2850 νωϊτέρην
1031 2797 1081 2837 de
1104 2794 1263 2836 duabus
1284 2793 1443 2835 dictum
1465 2796 1540 2834 est.

261 2877 297 2920 7,
321 2876 361 2920 5.
395 2862 505 2924 οὐδὲ]
531 2866 705 2921 Corrige
727 2867 910 2908 οὐδέποτε
931 2880 1026 2906 011111
1049 2864 1206 2905 Cobeto
1228 2863 1254 2904 l.
1276 2878 1310 2904 0.
1332 2878 1372 2917 p.
1398 2862 1491 2903 280.

264 2948 327 2986 12,
355 2949 420 2991 13.
446 2936 511 2977 16.
545 2932 934 2992 ἐλόωσι-ἐλόωσιν]
974 2934 1295 2976 ἐόωσι-ἐόωσιν
1332 2931 1515 2973 Cobetus
1551 2930 1578 2971 l.
1615 2946 1648 2972 0.
1688 2946 1726 2985 p.

205 3004 300 3059 265.
