1959 3319
238 131 323 171 392
848 127 1157 170 ADDENDA.

238 231 401 272 Veneto
438 231 477 271 A
513 230 665 284 corrigi
708 233 750 270 et
791 230 973 284 suppleri
1013 234 1201 284 possunt,
1238 231 1328 286 ipsa
1363 246 1460 273 vero
1500 247 1626 286 prope
1657 232 1764 273 nihil

236 299 436 352 praebent
477 313 557 352 quo
592 299 685 352 quis
724 299 777 339 ad
817 299 968 339 codicis
1003 299 1159 340 Veneti
1200 300 1352 341 scholia
1395 300 1658 341 Herodianea
1697 301 1764 341 vel

236 368 481 421 corrigenda
521 366 586 407 vel
632 368 823 421 augenda
866 366 930 407 uti
976 367 1117 421 possit.
1200 368 1319 420 Quod
1363 368 1523 409 collatis
1567 369 1677 409 inter
1722 383 1763 410 se

235 435 521 489 Etymologici
543 435 607 475 M.
631 438 673 475 ct
694 435 844 475 codicis
866 434 1018 475 Veneti
1040 436 1080 474 A
1101 435 1305 489 excerptis
1328 436 1601 477 Herodianeis
1623 437 1762 477 claris-

234 504 338 543 sima
359 503 403 543 in
424 503 513 544 luce
533 503 750 544 collocavit
781 502 886 543 Otto
919 503 1176 543 Carnuthius
1206 503 1249 543 in
1281 505 1642 545 commentationis
1665 511 1687 527 ‘⁴
1703 505 1765 545 De

233 572 491 625 Efymoloffl'ec'
541 571 685 623 ,Magni
719 569 937 625 fontibus”
978 574 1094 624 parte
1133 572 1264 612 altera
1304 572 1538 626 nuperrime
1579 573 1763 613 Berolini

233 640 344 681 edita
366 643 416 693 (a.
440 639 580 695 1876),
604 639 648 679 in
671 654 749 693 qua
771 639 915 693 agitur
939 640 1018 678 “de
1039 640 1090 679 iis
1112 640 1207 680 locis
1228 641 1295 695 qui
1317 655 1363 681 ea:
1388 640 1611 681 Herodiani
1632 641 1763 681 Iliaca

222 709 413 762 prosodia
439 708 479 748 in
501 708 807 762 Εζῃῑῑῑοῖορὲσῑιφνι
833 708 1023 760 Illassnmn
1046 709 1235 749 translati
1256 709 1388 750 sunt.”

292 777 425 818 Praef.
457 792 497 831 p.
530 777 643 817 xxix.
707 776 873 817 Scholia
908 776 1059 817 codicis
1095 777 1226 818 Athoi
1267 778 1319 818 ad
1354 781 1492 832 partes
1533 777 1678 818 Iliadis
1713 792 1764 818 ex

234 845 369 887 codice
391 846 553 887 Veneto
579 847 619 886 A
647 845 818 896 ablatas,
841 860 943 899 quae
975 860 1024 886 ex
1056 846 1284 887 Duchesnii
1315 847 1555 901 apographo
1587 846 1763 887 editioni

233 929 348 955 meae
368 914 536 965 inserui,
560 915 656 968 quia
671 914 873 955 nonnulla
888 914 1105 955 continent
1127 929 1177 955 ex
1198 914 1363 955 scholiis
1384 914 1560 956 vetustis
1581 914 1764 955 Alexan-

232 982 363 1023 drinis
388 985 532 1036 petita,
555 998 657 1037 quae
679 983 722 1023 in
744 983 907 1024 Veneto
928 984 979 1032 A,
1002 998 1128 1037 quum
1155 983 1288 1023 adhuc
1309 983 1474 1037 integer
1495 986 1614 1033 esset,
1636 983 1764 1024 exsti-

231 1050 332 1091 tisse
354 1050 575 1092 verisimile
607 1054 683 1101 est,
706 1054 847 1104 postea
877 1051 1057 1105 comperi
1090 1066 1172 1092 non
1204 1052 1326 1105 plena
1357 1066 1454 1101 esse,
1478 1052 1547 1092 sed
1569 1055 1762 1105 excerpta

231 1121 399 1159 tantum
429 1119 640 1160 continere
672 1119 919 1160 scholiorum
951 1123 992 1160 et
1021 1119 1333 1173 glossematum,
1366 1134 1469 1173 quae
1500 1119 1763 1159 Duchesnius

230 1187 345 1228 brevi
363 1191 457 1241 post
472 1187 639 1241 integra
655 1187 785 1227 edidit
806 1188 851 1227 in
872 1187 1058 1228 Arebives
1079 1188 1146 1227 cles
1167 1187 1358 1228 sslicsions
1374 1187 1647 1243 scientffiques,
1666 1191 1763 1227 tome

230 1255 316 1304 III,
341 1255 534 1308 premiere
565 1256 766 1305 lim-anison,
793 1257 927 1306 Paris,
964 1256 1086 1309 1876,
1117 1272 1156 1310 p.
1183 1257 1426 1311 365——377,
1458 1271 1508 1297 ex
1539 1255 1689 1310 quibus
1717 1256 1761 1296 in

230 1324 468 1377 apographo
489 1325 540 1365 ad
561 1339 627 1366 me
654 1324 779 1366 misso
807 1340 854 1366 ea
884 1329 1050 1366 tantum
1082 1326 1287 1379 excerpsit
1317 1340 1421 1380 quae
1452 1328 1601 1366 notatu
1632 1325 1761 1379 digna

229 1392 482 1443 viderentur,
515 1397 603 1434 tam
640 1393 835 1447 prudenti
866 1393 1010 1435 habito
1038 1394 1199 1435 delectu
1231 1397 1279 1434 ut
1310 1394 1352 1434 in
1383 1393 1564 1435 editione
1594 1393 1762 1447 integra

229 1474 361 1513 pauca
391 1464 559 1502 tantum
590 1462 823 1516 repererim,
857 1476 959 1516 quae
991 1463 1034 1502 in
1067 1463 1271 1516 excerptis
1302 1462 1406 1502 mihi
1442 1462 1579 1503 missis
1610 1463 1762 1504 omissa

230 1543 316 1569 esse
344 1529 507 1578 nollem,
542 1545 645 1585 quae
676 1546 786 1571 nunc
817 1531 979 1572 addam.
1042 1530 1230 1571 Pleniore
1262 1530 1490 1571 Duchesnii
1521 1531 1760 1586 apographo

230 1612 360 1651 nuper
393 1598 520 1639 etiam
557 1598 635 1639 Ed.
671 1598 873 1640 Tournier
904 1614 1002 1640 usus
1038 1603 1100 1640 est
1133 1599 1177 1639 in
1212 1614 1385 1640 censura
1419 1599 1615 1641 editionis
1646 1614 1760 1641 meae

228 1664 379 1720 (Rea—ue
410 1666 575 1722 critique
610 1667 719 1720 1876
749 1668 824 1708 No.
847 1668 904 1719 46
927 1683 965 1721 p.
988 1667 1236 1725 305—311)
1268 1672 1311 1709 et
1335 1668 1480 1709 Alexis
1513 1668 1682 1709 Pierron
1714 1669 1759 1709 in

230 1734 439 1789 Odysseae
461 1737 524 1777 ed.
547 1736 677 1776 Paris.
701 1736 781 1777 vol.
803 1736 831 1778 i.
853 1752 894 1790 p.
919 1736 1133 1778 LXXIII.

904 1880 935 1916 E
980 1876 1085 1932 (5).

285 1998 381 2043 337.
414 1989 483 2029 Ad
520 1989 768 2031 vocabulum
806 1990 914 2042 εἶθαρ
945 1990 989 2030 in
1021 1989 1189 2030 scholiis
1220 1989 1344 2030 editis
1373 1989 1479 2030 nihil
1509 1992 1759 2030 annotatum

227 2057 384 2111 leg-itur
424 2060 586 2110 praeter
626 2057 792 2098 brevem
840 2057 1167 2098 observationem
1215 2058 1403 2098 codicum
1445 2058 1675 2111 Lipsiensis
1717 2061 1759 2098 et

227 2125 493 2173 Townlciani,
524 2125 654 2178 εἷθαρι
684 2128 784 2169 τινὲς
817 2126 895 2166 κατ’
921 2127 990 2175 ἰθύ,
1024 2126 1046 2177 ἢ
1079 2127 1165 2167 ἀντὶ
1197 2130 1263 2166 τοῦ
1294 2127 1407 2179 ταχύ,
1429 2125 1473 2166 in
1504 2126 1641 2167 codice
1663 2140 1758 2167 vero

227 2193 369 2234 Athoo
395 2193 568 2246 plenius,
592 2194 667 2234 ἀπὸ
696 2197 764 2235 τοῦ
792 2195 901 2237 εὐθύς
934 2196 1083 2247 γίνεται
1112 2195 1227 2246 εῧθαρ
1259 2195 1321 2234 καὶ
1353 2194 1458 2247 εἶθαρ
1491 2196 1587 2235 κατὰ
1611 2195 1758 2247 τροπὴν

226 2265 294 2302 τοῦ
323 2270 346 2301 ῦ
378 2264 432 2304 εἰς
463 2269 486 2311 ῖ,
516 2263 647 2314 ὥσπερ
681 2261 899 2314 Ἀφροδύτη
929 2261 1145 2313 Ἀφροδίτη
1179 2263 1239 2303 καὶ
1271 2264 1416 2315 ὃύφρος
1449 2264 1596 2315 δίφρος·
1639 2263 1684 2303 τὸ
1715 2264 1758 2303 δὲ

227 2331 306 2371 ἰθύς
338 2331 386 2372 ὡς
417 2330 479 2370 ἐπὶ
500 2330 544 2370 τὸ
567 2331 669 2371 πολὺ
695 2332 778 2371 ἀντὶ
799 2334 867 2371 τοῦ
893 2332 954 2371 ἐπ’
977 2331 1139 2380 εὐθείας,
1162 2333 1197 2372 οἱ
1225 2333 1266 2372 δὲ
1289 2333 1468 2382 νεώτεροι
1501 2332 1756 2385 συγχέουσιν.

226 2398 297 2438 ubi
319 2399 445 2439 verba
465 2402 673 2452 postrema
693 2413 824 2439 unum
846 2413 896 2439 ex
921 2399 1226 2453 antiquioribus
1252 2399 1434 2453 produnt
1455 2399 1756 2454 grammaticis,

226 2467 297 2521 qui
337 2467 491 2521 passim
533 2467 804 2508 observarunt
844 2467 1085 2508 discrimina
1126 2468 1418 2509 vocabulorum
1455 2468 1506 2508 ab
1548 2468 1757 2509 veteribus

227 2537 455 2586 observata,
478 2537 529 2576 ab
555 2536 852 2577 recentioribus
874 2551 969 2577 vero
1001 2537 1273 2590 scriptoribus
1303 2537 1495 2591 neglecta
1525 2552 1623 2579 esse.
1687 2537 1756 2578 Sic

227 2607 264 2645 οἱ
301 2607 341 2646 δὲ
380 2606 560 2657 νεώτεροι
596 2605 835 2659 συγχέουσιν
870 2605 977 2646 dixit
1013 2605 1275 2646 Aristonicus
1311 2607 1363 2647 ad
1399 2606 1451 2647 Il.
1485 2619 1521 2661 3,
1560 2606 1653 2658 184.
1688 2618 1755 2657 24,

229 2682 326 2726 545·

287 2741 383 2796 387.
417 2742 597 2798 χαλκέῳε
651 2743 710 2783 ὅτι
752 2746 1066 2796 καταχρηστικῶς
1110 2743 1176 2784 τὸν
1221 2743 1392 2798 χάλκεον
1434 2745 1547 2785 πίθον
1588 2745 1755 2796 κέραμον

228 2812 388 2860 εἴρηκεν.
453 2810 568 2851 Haec
604 2825 765 2865 quoque
797 2825 847 2851 ex
878 2811 1032 2852 scholio
1062 2812 1233 2866 antiquo
1266 2812 1399 2866 petita
1428 2827 1514 2853 esse
1544 2813 1664 2853 docet
1695 2813 1755 2854 ὅτι

228 2879 442 2932 particula,
480 2894 583 2933 quae
619 2880 671 2920 ad
707 2885 870 2931 σημεῖον
912 2880 1087 2936 (διπλῆν)
1124 2881 1297 2922 refertur
1338 2881 1446 2935 quod
1482 2881 1579 2922 huic
1615 2881 1753 2922 versui

228 2947 526 3000 praescriptum
578 2947 671 2989 fuit.
754 2948 871 2989 Idem
923 2949 1031 2989 rodit
1077 2949 1181 2990 infra
1233 2949 1284 2990 ad
1325 2966 1363 2991 v.
1408 2959 1502 3002 511,
1544 2951 1651 3004 quod
1703 2965 1752 2990 ex
