<?xml version="1.0" encoding="UTF-8"?>
<!DOCTYPE html PUBLIC "-//W3C//DTD XHTML 1.0 Transitional//EN"
    "http://www.w3.org/TR/xhtml1/DTD/xhtml1-transitional.dtd">
<html xmlns="http://www.w3.org/1999/xhtml" xml:lang="en" lang="en">
 <head>
  <title>
</title>
<meta http-equiv="Content-Type" content="text/html;charset=utf-8" />
  <meta name='ocr-system' content='tesseract 3.04.00' />
  <meta name='ocr-capabilities' content='ocr_page ocr_carea ocr_par ocr_line ocrx_word'/>
</head>
<body>
  <div class='ocr_page' id='page_1' title='image "./scholiagraecainh04homeuoft_0405.png"; bbox 0 0 1959 3319; ppageno 0'>
   <div class='ocr_carea' id='block_1_1' title="bbox 773 116 1705 159">
    <p class='ocr_par' dir='ltr' id='par_1_1' title="bbox 773 116 1705 159">
     <span class='ocr_line' id='line_1_1' title="bbox 773 116 1705 159; baseline 0.003 -3"><span class='ocrx_word' id='word_1_1' title='bbox 773 116 1082 157; x_wconf 90' lang='lat' dir='ltr'><strong>ADDENDA.</strong></span> <span class='ocrx_word' id='word_1_2' title='bbox 1621 119 1705 159; x_wconf 89' lang='lat'>399</span> 
     </span>
    </p>
   </div>
   <div class='ocr_carea' id='block_1_2' title="bbox 167 217 1700 3004">
    <p class='ocr_par' dir='ltr' id='par_1_2' title="bbox 172 217 1695 342">
     <span class='ocr_line' id='line_1_2' title="bbox 173 217 1695 273; baseline -0.001 -11"><span class='ocrx_word' id='word_1_3' title='bbox 173 220 406 271; x_wconf 82' lang='grc' dir='ltr'>συνδέσμου,</span> <span class='ocrx_word' id='word_1_4' title='bbox 448 232 552 273; x_wconf 81' lang='lat' dir='ltr'>quae</span> <span class='ocrx_word' id='word_1_5' title='bbox 594 221 703 259; x_wconf 88' lang='lat' dir='ltr'>recte</span> <span class='ocrx_word' id='word_1_6' title='bbox 744 218 945 272; x_wconf 80' lang='lat' dir='ltr'>leguntur</span> <span class='ocrx_word' id='word_1_7' title='bbox 982 218 1090 258; x_wconf 86' lang='lat' dir='ltr'>inter</span> <span class='ocrx_word' id='word_1_8' title='bbox 1126 218 1379 273; x_wconf 72' lang='lat' dir='ltr'>glossemata</span> <span class='ocrx_word' id='word_1_9' title='bbox 1416 217 1695 260; x_wconf 81' lang='lat' dir='ltr'>interlinearia</span> 
     </span>
     <span class='ocr_line' id='line_1_3' title="bbox 172 288 572 342; baseline -0.005 -13"><span class='ocrx_word' id='word_1_10' title='bbox 172 288 252 329; x_wconf 88' lang='lat' dir='ltr'><strong>vol.</strong></span> <span class='ocrx_word' id='word_1_11' title='bbox 278 301 300 331; x_wconf 84' lang='lat'><strong>2</strong></span> <span class='ocrx_word' id='word_1_12' title='bbox 323 303 361 342; x_wconf 92' lang='lat' dir='ltr'>p.</span> <span class='ocrx_word' id='word_1_13' title='bbox 385 301 481 342; x_wconf 84' lang='grc'>311,</span> <span class='ocrx_word' id='word_1_14' title='bbox 505 299 572 342; x_wconf 87' lang='grc'>37.</span> 
     </span>
    </p>

    <p class='ocr_par' dir='ltr' id='par_1_3' title="bbox 233 353 873 412">
     <span class='ocr_line' id='line_1_4' title="bbox 233 353 873 412; baseline -0.002 -15"><span class='ocrx_word' id='word_1_15' title='bbox 233 356 299 406; x_wconf 90' lang='lat'>88,</span> <span class='ocrx_word' id='word_1_16' title='bbox 327 369 390 397; x_wconf 93' lang='lat'>12.</span> <span class='ocrx_word' id='word_1_17' title='bbox 422 353 636 412; x_wconf 87' lang='grc' dir='ltr'>τάσσουσι]</span> <span class='ocrx_word' id='word_1_18' title='bbox 662 354 873 396; x_wconf 83' lang='lat' dir='ltr'>Deleatur.</span> 
     </span>
    </p>

    <p class='ocr_par' dir='ltr' id='par_1_4' title="bbox 171 421 1700 683">
     <span class='ocr_line' id='line_1_5' title="bbox 232 421 1699 480; baseline 0.002 -17"><span class='ocrx_word' id='word_1_19' title='bbox 232 423 297 474; x_wconf 90' lang='lat'>88,</span> <span class='ocrx_word' id='word_1_20' title='bbox 325 432 389 476; x_wconf 83' lang='lat'>15.</span> <span class='ocrx_word' id='word_1_21' title='bbox 422 421 571 480; x_wconf 83' lang='grc' dir='ltr'>*πρὸς]</span> <span class='ocrx_word' id='word_1_22' title='bbox 606 423 706 464; x_wconf 89' lang='lat' dir='ltr'>Non</span> <span class='ocrx_word' id='word_1_23' title='bbox 742 424 810 464; x_wconf 91' lang='lat' dir='ltr'>hic</span> <span class='ocrx_word' id='word_1_24' title='bbox 845 424 1064 465; x_wconf 87' lang='lat' dir='ltr'>asteriscus</span> <span class='ocrx_word' id='word_1_25' title='bbox 1100 423 1298 464; x_wconf 86' lang='lat' dir='ltr'>delendus</span> <span class='ocrx_word' id='word_1_26' title='bbox 1329 428 1377 465; x_wconf 85' lang='lat' dir='ltr'>ut</span> <span class='ocrx_word' id='word_1_27' title='bbox 1407 424 1452 465; x_wconf 90' lang='lat' dir='ltr'>in</span> <span class='ocrx_word' id='word_1_28' title='bbox 1483 424 1699 466; x_wconf 85' lang='lat' dir='ltr'>Addendis</span> 
     </span>
     <span class='ocr_line' id='line_1_6' title="bbox 171 491 1700 547; baseline 0.001 -15"><span class='ocrx_word' id='word_1_29' title='bbox 171 491 251 533; x_wconf 89' lang='lat' dir='ltr'><strong>vol.</strong></span> <span class='ocrx_word' id='word_1_30' title='bbox 279 504 296 532; x_wconf 91' lang='lat'>1</span> <span class='ocrx_word' id='word_1_31' title='bbox 322 506 362 545; x_wconf 91' lang='lat' dir='ltr'>p.</span> <span class='ocrx_word' id='word_1_32' title='bbox 386 491 468 547; x_wconf 83' lang='lat'>383</span> <span class='ocrx_word' id='word_1_33' title='bbox 501 491 573 532; x_wconf 86' lang='lat' dir='ltr'>lin.</span> <span class='ocrx_word' id='word_1_34' title='bbox 601 491 676 532; x_wconf 78' lang='lat' dir='ltr'><strong>ult..</strong></span> <span class='ocrx_word' id='word_1_35' title='bbox 702 507 775 546; x_wconf 90' lang='lat' dir='ltr'>per</span> <span class='ocrx_word' id='word_1_36' title='bbox 805 506 985 533; x_wconf 87' lang='lat' dir='ltr'>errorem</span> <span class='ocrx_word' id='word_1_37' title='bbox 1010 491 1111 541; x_wconf 82' lang='lat' dir='ltr'>dixi,</span> <span class='ocrx_word' id='word_1_38' title='bbox 1136 491 1205 532; x_wconf 89' lang='lat' dir='ltr'>sed</span> <span class='ocrx_word' id='word_1_39' title='bbox 1235 492 1454 533; x_wconf 85' lang='lat' dir='ltr'>asteriscus</span> <span class='ocrx_word' id='word_1_40' title='bbox 1484 493 1700 546; x_wconf 85' lang='lat' dir='ltr'>proximus</span> 
     </span>
     <span class='ocr_line' id='line_1_7' title="bbox 175 559 1698 616; baseline 0.001 -15"><span class='ocrx_word' id='word_1_41' title='bbox 175 559 241 610; x_wconf 87' lang='grc'>88,</span> <span class='ocrx_word' id='word_1_42' title='bbox 268 560 331 602; x_wconf 93' lang='lat'>16.</span> <span class='ocrx_word' id='word_1_43' title='bbox 358 570 423 613; x_wconf 91' lang='lat'>17.</span> <span class='ocrx_word' id='word_1_44' title='bbox 454 560 744 614; x_wconf 84' lang='lat' dir='ltr'>praescriptus,</span> <span class='ocrx_word' id='word_1_45' title='bbox 778 560 887 615; x_wconf 93' lang='lat' dir='ltr'>quod</span> <span class='ocrx_word' id='word_1_46' title='bbox 918 560 1104 602; x_wconf 81' lang='lat' dir='ltr'>scholion</span> <span class='ocrx_word' id='word_1_47' title='bbox 1136 575 1220 601; x_wconf 88' lang='lat' dir='ltr'>non</span> <span class='ocrx_word' id='word_1_48' title='bbox 1251 560 1594 616; x_wconf 80' lang='lat' dir='ltr'>intermarginale</span> <span class='ocrx_word' id='word_1_49' title='bbox 1623 565 1698 612; x_wconf 89' lang='lat' dir='ltr'>est,</span> 
     </span>
     <span class='ocr_line' id='line_1_8' title="bbox 173 627 509 683; baseline 0.003 -15"><span class='ocrx_word' id='word_1_50' title='bbox 173 628 243 669; x_wconf 87' lang='lat' dir='ltr'>sed</span> <span class='ocrx_word' id='word_1_51' title='bbox 264 627 509 683; x_wconf 84' lang='lat' dir='ltr'>marginale.</span> 
     </span>
    </p>

    <p class='ocr_par' dir='ltr' id='par_1_5' title="bbox 170 695 1700 886">
     <span class='ocr_line' id='line_1_9' title="bbox 231 695 1698 752; baseline 0.001 -16"><span class='ocrx_word' id='word_1_52' title='bbox 231 695 297 746; x_wconf 88' lang='lat'>88,</span> <span class='ocrx_word' id='word_1_53' title='bbox 323 709 390 748; x_wconf 98' lang='lat'>24.</span> <span class='ocrx_word' id='word_1_54' title='bbox 423 695 633 736; x_wconf 86' lang='lat' dir='ltr'>Lemma-ti</span> <span class='ocrx_word' id='word_1_55' title='bbox 657 695 703 736; x_wconf 89' lang='lat' dir='ltr'>in</span> <span class='ocrx_word' id='word_1_56' title='bbox 727 697 768 736; x_wconf 92' lang='lat' dir='ltr'><strong>A</strong></span> <span class='ocrx_word' id='word_1_57' title='bbox 791 696 1093 750; x_wconf 86' lang='lat' dir='ltr'>praescriptum</span> <span class='ocrx_word' id='word_1_58' title='bbox 1124 711 1210 737; x_wconf 90' lang='lat' dir='ltr'>esse</span> <span class='ocrx_word' id='word_1_59' title='bbox 1242 697 1452 749; x_wconf 74' lang='grc' dir='ltr'>ἀντίσιγμα</span> <span class='ocrx_word' id='word_1_60' title='bbox 1483 697 1604 752; x_wconf 81' lang='lat' dir='ltr'>signo</span> <span class='ocrx_word' id='word_1_61' title='bbox 1629 713 1698 738; x_wconf 83' lang='lat' dir='ltr'>ex-</span> 
     </span>
     <span class='ocr_line' id='line_1_10' title="bbox 170 763 1700 819; baseline 0.002 -15"><span class='ocrx_word' id='word_1_62' title='bbox 170 779 359 819; x_wconf 90' lang='lat' dir='ltr'>pressum</span> <span class='ocrx_word' id='word_1_63' title='bbox 388 764 434 804; x_wconf 89' lang='lat' dir='ltr'>in</span> <span class='ocrx_word' id='word_1_64' title='bbox 464 765 733 805; x_wconf 74' lang='lat' dir='ltr'>annotatione</span> <span class='ocrx_word' id='word_1_65' title='bbox 770 764 857 805; x_wconf 84' lang='lat' dir='ltr'><strong>dixi</strong></span> <span class='ocrx_word' id='word_1_66' title='bbox 892 764 1084 818; x_wconf 84' lang='lat' dir='ltr'>idemque</span> <span class='ocrx_word' id='word_1_67' title='bbox 1120 763 1272 805; x_wconf 83' lang='lat' dir='ltr'>diserte</span> <span class='ocrx_word' id='word_1_68' title='bbox 1308 765 1463 806; x_wconf 89' lang='lat' dir='ltr'>dicitur</span> <span class='ocrx_word' id='word_1_69' title='bbox 1498 766 1543 806; x_wconf 90' lang='lat' dir='ltr'>in</span> <span class='ocrx_word' id='word_1_70' title='bbox 1578 767 1700 807; x_wconf 89' lang='lat' dir='ltr'>initio</span> 
     </span>
     <span class='ocr_line' id='line_1_11' title="bbox 171 832 806 886; baseline -0.002 -12"><span class='ocrx_word' id='word_1_71' title='bbox 171 832 328 884; x_wconf 87' lang='lat' dir='ltr'>scholii,</span> <span class='ocrx_word' id='word_1_72' title='bbox 351 833 396 873; x_wconf 83' lang='grc' dir='ltr'>τὸ</span> <span class='ocrx_word' id='word_1_73' title='bbox 418 834 628 886; x_wconf 79' lang='grc' dir='ltr'>ἀντίσιγμα</span> <span class='ocrx_word' id='word_1_74' title='bbox 649 834 709 873; x_wconf 86' lang='grc' dir='ltr'>ὅτι</span> <span class='ocrx_word' id='word_1_75' title='bbox 736 857 806 872; x_wconf 89' lang='grc'>-.</span> 
     </span>
    </p>

    <p class='ocr_par' dir='ltr' id='par_1_6' title="bbox 170 900 1700 1159">
     <span class='ocr_line' id='line_1_12' title="bbox 232 900 1697 957; baseline 0.003 -17"><span class='ocrx_word' id='word_1_76' title='bbox 232 901 297 954; x_wconf 88' lang='grc'>89,</span> <span class='ocrx_word' id='word_1_77' title='bbox 323 911 361 953; x_wconf 91' lang='lat'>7.</span> <span class='ocrx_word' id='word_1_78' title='bbox 396 900 560 941; x_wconf 84' lang='lat' dir='ltr'>Scholia</span> <span class='ocrx_word' id='word_1_79' title='bbox 590 915 738 941; x_wconf 86' lang='lat' dir='ltr'>manus</span> <span class='ocrx_word' id='word_1_80' title='bbox 769 900 1010 941; x_wconf 71' lang='lat' dir='ltr'>recentioris</span> <span class='ocrx_word' id='word_1_81' title='bbox 1037 901 1106 941; x_wconf 89' lang='lat' dir='ltr'>hic</span> <span class='ocrx_word' id='word_1_82' title='bbox 1127 904 1167 942; x_wconf 89' lang='lat' dir='ltr'>et</span> <span class='ocrx_word' id='word_1_83' title='bbox 1190 902 1298 942; x_wconf 84' lang='lat' dir='ltr'>infra</span> <span class='ocrx_word' id='word_1_84' title='bbox 1318 902 1371 942; x_wconf 83' lang='lat' dir='ltr'>ad</span> <span class='ocrx_word' id='word_1_85' title='bbox 1394 916 1432 944; x_wconf 80' lang='lat' dir='ltr'>V.</span> <span class='ocrx_word' id='word_1_86' title='bbox 1459 916 1697 957; x_wconf 83' lang='lat'><strong>194—220,</strong></span> 
     </span>
     <span class='ocr_line' id='line_1_13' title="bbox 170 968 1697 1026; baseline 0.003 -18"><span class='ocrx_word' id='word_1_87' title='bbox 170 969 268 1020; x_wconf 92' lang='lat'><strong>446.</strong></span> <span class='ocrx_word' id='word_1_88' title='bbox 290 968 388 1019; x_wconf 89' lang='lat'>448.</span> <span class='ocrx_word' id='word_1_89' title='bbox 418 968 625 1022; x_wconf 83' lang='lat' dir='ltr'>adscripta</span> <span class='ocrx_word' id='word_1_90' title='bbox 655 969 698 1008; x_wconf 90' lang='lat' dir='ltr'>in</span> <span class='ocrx_word' id='word_1_91' title='bbox 729 970 769 1010; x_wconf 94' lang='lat' dir='ltr'>A</span> <span class='ocrx_word' id='word_1_92' title='bbox 801 983 883 1009; x_wconf 91' lang='lat' dir='ltr'>non</span> <span class='ocrx_word' id='word_1_93' title='bbox 915 973 1014 1009; x_wconf 86' lang='lat' dir='ltr'>sunt</span> <span class='ocrx_word' id='word_1_94' title='bbox 1044 984 1140 1010; x_wconf 89' lang='lat' dir='ltr'>cum</span> <span class='ocrx_word' id='word_1_95' title='bbox 1171 970 1337 1011; x_wconf 81' lang='lat' dir='ltr'>scholiis</span> <span class='ocrx_word' id='word_1_96' title='bbox 1368 971 1576 1012; x_wconf 85' lang='lat' dir='ltr'>veteribus</span> <span class='ocrx_word' id='word_1_97' title='bbox 1605 987 1697 1026; x_wconf 88' lang='lat' dir='ltr'>pcr-</span> 
     </span>
     <span class='ocr_line' id='line_1_14' title="bbox 174 1037 1700 1093; baseline 0.002 -16"><span class='ocrx_word' id='word_1_98' title='bbox 174 1037 319 1086; x_wconf 83' lang='lat' dir='ltr'>mixta,</span> <span class='ocrx_word' id='word_1_99' title='bbox 343 1037 476 1078; x_wconf 87' lang='lat' dir='ltr'>sedin</span> <span class='ocrx_word' id='word_1_100' title='bbox 499 1037 629 1078; x_wconf 85' lang='lat' dir='ltr'>altero</span> <span class='ocrx_word' id='word_1_101' title='bbox 654 1037 903 1092; x_wconf 84' lang='lat' dir='ltr'>paginarum</span> <span class='ocrx_word' id='word_1_102' title='bbox 936 1037 1123 1092; x_wconf 83' lang='lat' dir='ltr'>margine</span> <span class='ocrx_word' id='word_1_103' title='bbox 1155 1039 1322 1092; x_wconf 83' lang='lat' dir='ltr'>scripta,</span> <span class='ocrx_word' id='word_1_104' title='bbox 1345 1039 1394 1079; x_wconf 86' lang='lat' dir='ltr'>dc</span> <span class='ocrx_word' id='word_1_105' title='bbox 1427 1054 1506 1093; x_wconf 87' lang='lat' dir='ltr'>quo</span> <span class='ocrx_word' id='word_1_106' title='bbox 1537 1039 1625 1081; x_wconf 82' lang='lat' dir='ltr'>dixi</span> <span class='ocrx_word' id='word_1_107' title='bbox 1657 1040 1700 1080; x_wconf 90' lang='lat' dir='ltr'>in</span> 
     </span>
     <span class='ocr_line' id='line_1_15' title="bbox 171 1105 636 1159; baseline 0 -13"><span class='ocrx_word' id='word_1_108' title='bbox 171 1105 349 1147; x_wconf 87' lang='lat' dir='ltr'>Praefat.</span> <span class='ocrx_word' id='word_1_109' title='bbox 371 1105 450 1148; x_wconf 89' lang='lat' dir='ltr'><strong>vol.</strong></span> <span class='ocrx_word' id='word_1_110' title='bbox 475 1118 492 1145; x_wconf 95' lang='lat'>1</span> <span class='ocrx_word' id='word_1_111' title='bbox 519 1121 557 1159; x_wconf 91' lang='lat' dir='ltr'>p.</span> <span class='ocrx_word' id='word_1_112' title='bbox 581 1106 636 1146; x_wconf 85' lang='lat' dir='ltr'>vi.</span> 
     </span>
    </p>

    <p class='ocr_par' dir='ltr' id='par_1_7' title="bbox 171 1172 1698 1365">
     <span class='ocr_line' id='line_1_16' title="bbox 231 1172 1698 1230; baseline 0.002 -16"><span class='ocrx_word' id='word_1_113' title='bbox 231 1187 298 1228; x_wconf 90' lang='lat'>90,</span> <span class='ocrx_word' id='word_1_114' title='bbox 323 1174 361 1214; x_wconf 93' lang='lat'>6.</span> <span class='ocrx_word' id='word_1_115' title='bbox 393 1174 481 1216; x_wconf 83' lang='grc' dir='ltr'>τοὺς</span> <span class='ocrx_word' id='word_1_116' title='bbox 517 1172 649 1230; x_wconf 81' lang='grc' dir='ltr'>ἐννέα]</span> <span class='ocrx_word' id='word_1_117' title='bbox 690 1173 759 1214; x_wconf 85' lang='lat' dir='ltr'>Sic</span> <span class='ocrx_word' id='word_1_118' title='bbox 799 1188 883 1214; x_wconf 91' lang='lat' dir='ltr'>non</span> <span class='ocrx_word' id='word_1_119' title='bbox 924 1174 1056 1214; x_wconf 89' lang='lat' dir='ltr'>solum</span> <span class='ocrx_word' id='word_1_120' title='bbox 1097 1175 1142 1214; x_wconf 87' lang='lat' dir='ltr'>in</span> <span class='ocrx_word' id='word_1_121' title='bbox 1177 1174 1397 1216; x_wconf 90' lang='lat' dir='ltr'>Villoisoni</span> <span class='ocrx_word' id='word_1_122' title='bbox 1439 1179 1481 1216; x_wconf 90' lang='lat' dir='ltr'>et</span> <span class='ocrx_word' id='word_1_123' title='bbox 1517 1176 1698 1217; x_wconf 85' lang='lat' dir='ltr'>Bekkeri</span> 
     </span>
     <span class='ocr_line' id='line_1_17' title="bbox 171 1241 1698 1292; baseline 0.002 -10"><span class='ocrx_word' id='word_1_124' title='bbox 171 1242 435 1292; x_wconf 73' lang='lat' dir='ltr'>editionibus,</span> <span class='ocrx_word' id='word_1_125' title='bbox 458 1241 528 1283; x_wconf 87' lang='lat' dir='ltr'>sed</span> <span class='ocrx_word' id='word_1_126' title='bbox 549 1243 674 1283; x_wconf 84' lang='lat' dir='ltr'>etiam</span> <span class='ocrx_word' id='word_1_127' title='bbox 696 1243 740 1282; x_wconf 93' lang='lat' dir='ltr'>in</span> <span class='ocrx_word' id='word_1_128' title='bbox 761 1242 928 1283; x_wconf 86' lang='lat' dir='ltr'>scholiis</span> <span class='ocrx_word' id='word_1_129' title='bbox 951 1243 1191 1283; x_wconf 85' lang='lat' dir='ltr'>minoribus.</span> <span class='ocrx_word' id='word_1_130' title='bbox 1255 1246 1291 1284; x_wconf 80' lang='grc' dir='ltr'>οἱ</span> <span class='ocrx_word' id='word_1_131' title='bbox 1312 1245 1428 1285; x_wconf 85' lang='grc' dir='ltr'>ἐννέα</span> <span class='ocrx_word' id='word_1_132' title='bbox 1449 1258 1499 1284; x_wconf 81' lang='lat' dir='ltr'>ex</span> <span class='ocrx_word' id='word_1_133' title='bbox 1520 1246 1558 1284; x_wconf 84' lang='lat' dir='ltr'><strong>A</strong></span> <span class='ocrx_word' id='word_1_134' title='bbox 1580 1245 1698 1286; x_wconf 83' lang='lat' dir='ltr'>affert</span> 
     </span>
     <span class='ocr_line' id='line_1_18' title="bbox 172 1310 763 1365; baseline -0.002 -14"><span class='ocrx_word' id='word_1_135' title='bbox 172 1310 410 1359; x_wconf 87' lang='lat' dir='ltr'>Roemerus,</span> <span class='ocrx_word' id='word_1_136' title='bbox 433 1311 483 1351; x_wconf 84' lang='lat' dir='ltr'>dc</span> <span class='ocrx_word' id='word_1_137' title='bbox 504 1325 584 1365; x_wconf 89' lang='lat' dir='ltr'>quo</span> <span class='ocrx_word' id='word_1_138' title='bbox 606 1310 763 1351; x_wconf 86' lang='lat' dir='ltr'>dubito.</span> 
     </span>
    </p>

    <p class='ocr_par' dir='ltr' id='par_1_8' title="bbox 231 1377 1567 1436">
     <span class='ocr_line' id='line_1_19' title="bbox 231 1377 1567 1436; baseline 0.001 -17"><span class='ocrx_word' id='word_1_139' title='bbox 231 1392 297 1432; x_wconf 88' lang='lat'>91,</span> <span class='ocrx_word' id='word_1_140' title='bbox 323 1389 387 1432; x_wconf 88' lang='lat'>27.</span> <span class='ocrx_word' id='word_1_141' title='bbox 417 1377 522 1436; x_wconf 86' lang='grc' dir='ltr'>ἤτοι]</span> <span class='ocrx_word' id='word_1_142' title='bbox 549 1380 610 1419; x_wconf 89' lang='grc' dir='ltr'>καὶ</span> <span class='ocrx_word' id='word_1_143' title='bbox 631 1383 695 1419; x_wconf 85' lang='grc' dir='ltr'>τοῖ</span> <span class='ocrx_word' id='word_1_144' title='bbox 712 1379 765 1427; x_wconf 84' lang='grc' dir='ltr'>Α,</span> <span class='ocrx_word' id='word_1_145' title='bbox 788 1379 955 1433; x_wconf 90' lang='lat' dir='ltr'>punctis</span> <span class='ocrx_word' id='word_1_146' title='bbox 976 1383 1182 1429; x_wconf 76' lang='lat' dir='ltr'>notatum,</span> <span class='ocrx_word' id='word_1_147' title='bbox 1206 1380 1482 1434; x_wconf 82' lang='lat' dir='ltr'>superscripto</span> <span class='ocrx_word' id='word_1_148' title='bbox 1505 1381 1567 1423; x_wconf 86' lang='grc' dir='ltr'>ὡς.</span> 
     </span>
    </p>

    <p class='ocr_par' dir='ltr' id='par_1_9' title="bbox 171 1445 1697 1569">
     <span class='ocr_line' id='line_1_20' title="bbox 230 1445 1697 1504; baseline 0.003 -17"><span class='ocrx_word' id='word_1_149' title='bbox 230 1460 298 1500; x_wconf 88' lang='lat'>91,</span> <span class='ocrx_word' id='word_1_150' title='bbox 323 1460 390 1502; x_wconf 82' lang='lat'><strong>31.</strong></span> <span class='ocrx_word' id='word_1_151' title='bbox 421 1445 739 1504; x_wconf 81' lang='grc' dir='ltr'>ἦπιθανότητος]</span> <span class='ocrx_word' id='word_1_152' title='bbox 775 1448 843 1488; x_wconf 88' lang='lat' dir='ltr'>Sic</span> <span class='ocrx_word' id='word_1_153' title='bbox 871 1463 921 1488; x_wconf 81' lang='lat' dir='ltr'>ex</span> <span class='ocrx_word' id='word_1_154' title='bbox 947 1448 1112 1489; x_wconf 89' lang='lat' dir='ltr'>scholiis</span> <span class='ocrx_word' id='word_1_155' title='bbox 1144 1448 1387 1497; x_wconf 89' lang='lat' dir='ltr'>minoribus,</span> <span class='ocrx_word' id='word_1_156' title='bbox 1411 1463 1484 1503; x_wconf 87' lang='lat' dir='ltr'>pro</span> <span class='ocrx_word' id='word_1_157' title='bbox 1516 1451 1697 1491; x_wconf 86' lang='grc' dir='ltr'>πειθανό-</span> 
     </span>
     <span class='ocr_line' id='line_1_21' title="bbox 171 1515 865 1569; baseline 0 -13"><span class='ocrx_word' id='word_1_158' title='bbox 171 1532 296 1566; x_wconf 89' lang='grc' dir='ltr'>τητος,</span> <span class='ocrx_word' id='word_1_159' title='bbox 320 1515 428 1569; x_wconf 90' lang='lat' dir='ltr'>quod</span> <span class='ocrx_word' id='word_1_160' title='bbox 450 1519 511 1556; x_wconf 83' lang='lat' dir='ltr'>est</span> <span class='ocrx_word' id='word_1_161' title='bbox 534 1515 577 1555; x_wconf 91' lang='lat' dir='ltr'>in</span> <span class='ocrx_word' id='word_1_162' title='bbox 598 1516 638 1555; x_wconf 83' lang='lat' dir='ltr'>A</span> <span class='ocrx_word' id='word_1_163' title='bbox 658 1515 806 1556; x_wconf 85' lang='lat' dir='ltr'>omisso</span> <span class='ocrx_word' id='word_1_164' title='bbox 830 1517 865 1567; x_wconf 87' lang='grc' dir='ltr'>ἤ.</span> 
     </span>
    </p>

    <p class='ocr_par' dir='ltr' id='par_1_10' title="bbox 230 1582 1197 1641">
     <span class='ocr_line' id='line_1_22' title="bbox 230 1582 1197 1641; baseline -0.002 -15"><span class='ocrx_word' id='word_1_165' title='bbox 230 1596 296 1638; x_wconf 90' lang='lat'>92,</span> <span class='ocrx_word' id='word_1_166' title='bbox 320 1598 359 1639; x_wconf 90' lang='lat'>9.</span> <span class='ocrx_word' id='word_1_167' title='bbox 392 1582 528 1641; x_wconf 83' lang='grc' dir='ltr'>αὐτόν]</span> <span class='ocrx_word' id='word_1_168' title='bbox 554 1584 683 1625; x_wconf 79' lang='lat' dir='ltr'>Recte</span> <span class='ocrx_word' id='word_1_169' title='bbox 704 1585 816 1627; x_wconf 83' lang='grc' dir='ltr'>αὐτός</span> <span class='ocrx_word' id='word_1_170' title='bbox 839 1585 901 1625; x_wconf 85' lang='lat' dir='ltr'>M.</span> <span class='ocrx_word' id='word_1_171' title='bbox 926 1583 1197 1625; x_wconf 87' lang='lat' dir='ltr'>Schmidtius.</span> 
     </span>
    </p>

    <p class='ocr_par' dir='ltr' id='par_1_11' title="bbox 230 1653 1038 1707">
     <span class='ocr_line' id='line_1_23' title="bbox 230 1653 1038 1707; baseline 0 -13"><span class='ocrx_word' id='word_1_172' title='bbox 230 1666 296 1707; x_wconf 86' lang='lat'>93,</span> <span class='ocrx_word' id='word_1_173' title='bbox 322 1665 388 1707; x_wconf 80' lang='lat'>23.</span> <span class='ocrx_word' id='word_1_174' title='bbox 421 1656 497 1693; x_wconf 83' lang='grc' dir='ltr'>τῶν</span> <span class='ocrx_word' id='word_1_175' title='bbox 519 1654 675 1705; x_wconf 83' lang='grc' dir='ltr'>ἀγαθῶν</span> <span class='ocrx_word' id='word_1_176' title='bbox 696 1653 805 1694; x_wconf 86' lang='lat' dir='ltr'>delet</span> <span class='ocrx_word' id='word_1_177' title='bbox 827 1653 1038 1694; x_wconf 82' lang='lat' dir='ltr'>Lehrsius.</span> 
     </span>
    </p>

    <p class='ocr_par' dir='ltr' id='par_1_12' title="bbox 170 1720 1695 1845">
     <span class='ocr_line' id='line_1_24' title="bbox 230 1720 1695 1776; baseline 0.001 -13"><span class='ocrx_word' id='word_1_178' title='bbox 230 1734 296 1776; x_wconf 89' lang='lat'>94,</span> <span class='ocrx_word' id='word_1_179' title='bbox 324 1720 504 1776; x_wconf 81' lang='lat'><strong>28—30.</strong></span> <span class='ocrx_word' id='word_1_180' title='bbox 569 1722 659 1762; x_wconf 89' lang='lat' dir='ltr'>Hoc</span> <span class='ocrx_word' id='word_1_181' title='bbox 680 1736 840 1775; x_wconf 87' lang='lat' dir='ltr'>quoque</span> <span class='ocrx_word' id='word_1_182' title='bbox 863 1721 1048 1762; x_wconf 85' lang='lat' dir='ltr'>scholion</span> <span class='ocrx_word' id='word_1_183' title='bbox 1065 1725 1129 1762; x_wconf 88' lang='lat' dir='ltr'>est</span> <span class='ocrx_word' id='word_1_184' title='bbox 1150 1736 1297 1763; x_wconf 84' lang='lat' dir='ltr'>manus</span> <span class='ocrx_word' id='word_1_185' title='bbox 1319 1723 1556 1764; x_wconf 78' lang='lat' dir='ltr'>recentioris</span> <span class='ocrx_word' id='word_1_186' title='bbox 1578 1724 1622 1763; x_wconf 89' lang='lat' dir='ltr'>in</span> <span class='ocrx_word' id='word_1_187' title='bbox 1644 1724 1695 1764; x_wconf 88' lang='lat' dir='ltr'>A.</span> 
     </span>
     <span class='ocr_line' id='line_1_25' title="bbox 170 1790 1318 1845; baseline 0.001 -15"><span class='ocrx_word' id='word_1_188' title='bbox 170 1790 310 1831; x_wconf 83' lang='lat' dir='ltr'>Verba</span> <span class='ocrx_word' id='word_1_189' title='bbox 331 1792 392 1830; x_wconf 80' lang='grc' dir='ltr'>διὰ</span> <span class='ocrx_word' id='word_1_190' title='bbox 414 1794 482 1830; x_wconf 83' lang='grc' dir='ltr'>τοῦ</span> <span class='ocrx_word' id='word_1_191' title='bbox 505 1791 680 1840; x_wconf 81' lang='grc' dir='ltr'>νεώμεθα</span> <span class='ocrx_word' id='word_1_192' title='bbox 703 1790 857 1830; x_wconf 81' lang='lat' dir='ltr'>inserta</span> <span class='ocrx_word' id='word_1_193' title='bbox 878 1804 928 1830; x_wconf 79' lang='lat' dir='ltr'>ex</span> <span class='ocrx_word' id='word_1_194' title='bbox 950 1790 1056 1830; x_wconf 77' lang='lat' dir='ltr'>Ven.</span> <span class='ocrx_word' id='word_1_195' title='bbox 1080 1791 1116 1830; x_wconf 90' lang='lat' dir='ltr'>B</span> <span class='ocrx_word' id='word_1_196' title='bbox 1139 1795 1181 1831; x_wconf 84' lang='lat' dir='ltr'>et</span> <span class='ocrx_word' id='word_1_197' title='bbox 1203 1790 1318 1845; x_wconf 88' lang='lat' dir='ltr'>Lips.</span> 
     </span>
    </p>

    <p class='ocr_par' dir='ltr' id='par_1_13' title="bbox 229 1856 1131 1915">
     <span class='ocr_line' id='line_1_26' title="bbox 229 1856 1131 1915; baseline 0.002 -18"><span class='ocrx_word' id='word_1_198' title='bbox 229 1867 296 1912; x_wconf 83' lang='lat'>95,</span> <span class='ocrx_word' id='word_1_199' title='bbox 325 1859 388 1898; x_wconf 87' lang='lat'>18.</span> <span class='ocrx_word' id='word_1_200' title='bbox 423 1859 465 1899; x_wconf 82' lang='grc' dir='ltr'>ἐν</span> <span class='ocrx_word' id='word_1_201' title='bbox 486 1860 537 1913; x_wconf 74' lang='grc' dir='ltr'>τῷ</span> <span class='ocrx_word' id='word_1_202' title='bbox 559 1857 653 1909; x_wconf 88' lang='grc' dir='ltr'>ἧσαι</span> <span class='ocrx_word' id='word_1_203' title='bbox 676 1856 893 1915; x_wconf 84' lang='grc' dir='ltr'>ὀνειδίζων]</span> <span class='ocrx_word' id='word_1_204' title='bbox 919 1858 1131 1899; x_wconf 76' lang='lat' dir='ltr'>Deleatur.</span> 
     </span>
    </p>

    <p class='ocr_par' dir='ltr' id='par_1_14' title="bbox 230 1926 1066 1981">
     <span class='ocr_line' id='line_1_27' title="bbox 230 1926 1066 1981; baseline 0 -13"><span class='ocrx_word' id='word_1_205' title='bbox 230 1941 254 1981; x_wconf 95' lang='grc'>9</span> <span class='ocrx_word' id='word_1_206' title='bbox 259 1936 296 1979; x_wconf 82' lang='lat'>5,</span> <span class='ocrx_word' id='word_1_207' title='bbox 322 1939 389 1969; x_wconf 91' lang='lat'>22.</span> <span class='ocrx_word' id='word_1_208' title='bbox 422 1929 482 1967; x_wconf 79' lang='grc' dir='ltr'>διὰ</span> <span class='ocrx_word' id='word_1_209' title='bbox 502 1926 746 1981; x_wconf 78' lang='lat' dir='ltr'>typothetae</span> <span class='ocrx_word' id='word_1_210' title='bbox 768 1941 879 1967; x_wconf 87' lang='lat' dir='ltr'>error</span> <span class='ocrx_word' id='word_1_211' title='bbox 901 1942 974 1981; x_wconf 90' lang='lat' dir='ltr'>pro</span> <span class='ocrx_word' id='word_1_212' title='bbox 997 1929 1066 1968; x_wconf 86' lang='grc' dir='ltr'>διό.</span> 
     </span>
    </p>

    <p class='ocr_par' dir='ltr' id='par_1_15' title="bbox 229 1994 1181 2051">
     <span class='ocr_line' id='line_1_28' title="bbox 229 1994 1181 2051; baseline 0.001 -16"><span class='ocrx_word' id='word_1_213' title='bbox 229 1995 298 2051; x_wconf 90' lang='lat'>98,</span> <span class='ocrx_word' id='word_1_214' title='bbox 325 2003 389 2047; x_wconf 88' lang='lat'><strong>15.</strong></span> <span class='ocrx_word' id='word_1_215' title='bbox 419 1996 491 2036; x_wconf 77' lang='grc' dir='ltr'>ἀνὰ</span> <span class='ocrx_word' id='word_1_216' title='bbox 512 1994 545 2035; x_wconf 83' lang='grc' dir='ltr'>δ’</span> <span class='ocrx_word' id='word_1_217' title='bbox 568 1996 660 2046; x_wconf 84' lang='grc' dir='ltr'>ἔστη</span> <span class='ocrx_word' id='word_1_218' title='bbox 683 1998 791 2035; x_wconf 87' lang='lat' dir='ltr'>recte</span> <span class='ocrx_word' id='word_1_219' title='bbox 811 1996 921 2036; x_wconf 88' lang='lat' dir='ltr'>delet</span> <span class='ocrx_word' id='word_1_220' title='bbox 944 1996 1181 2036; x_wconf 87' lang='lat' dir='ltr'>Roemerus.</span> 
     </span>
    </p>

    <p class='ocr_par' dir='ltr' id='par_1_16' title="bbox 170 2061 1699 2184">
     <span class='ocr_line' id='line_1_29' title="bbox 229 2061 1699 2120; baseline 0.002 -16"><span class='ocrx_word' id='word_1_221' title='bbox 229 2076 296 2118; x_wconf 90' lang='lat'>99,</span> <span class='ocrx_word' id='word_1_222' title='bbox 322 2075 357 2105; x_wconf 89' lang='lat'>2.</span> <span class='ocrx_word' id='word_1_223' title='bbox 389 2062 419 2104; x_wconf 81' lang='grc' dir='ltr'>ὦ</span> <span class='ocrx_word' id='word_1_224' title='bbox 445 2061 830 2120; x_wconf 69' lang='grc' dir='ltr'>πόποι-Ἀχαιούς]</span> <span class='ocrx_word' id='word_1_225' title='bbox 865 2064 942 2104; x_wconf 87' lang='lat' dir='ltr'>Est</span> <span class='ocrx_word' id='word_1_226' title='bbox 973 2079 1115 2105; x_wconf 87' lang='lat' dir='ltr'>versus</span> <span class='ocrx_word' id='word_1_227' title='bbox 1146 2063 1225 2104; x_wconf 85' lang='lat' dir='ltr'><strong>Od.</strong></span> <span class='ocrx_word' id='word_1_228' title='bbox 1254 2065 1316 2114; x_wconf 89' lang='lat'>18,</span> <span class='ocrx_word' id='word_1_229' title='bbox 1342 2073 1423 2119; x_wconf 82' lang='lat'><strong>259</strong></span> <span class='ocrx_word' id='word_1_230' title='bbox 1446 2066 1517 2106; x_wconf 94' lang='lat' dir='ltr'>ubi</span> <span class='ocrx_word' id='word_1_231' title='bbox 1542 2066 1699 2120; x_wconf 79' lang='lat' dir='ltr'>legitur</span> 
     </span>
     <span class='ocr_line' id='line_1_30' title="bbox 170 2130 348 2184; baseline 0 -12"><span class='ocrx_word' id='word_1_232' title='bbox 170 2130 200 2172; x_wconf 70' lang='grc' dir='ltr'><em>ὦ</em></span> <span class='ocrx_word' id='word_1_233' title='bbox 223 2133 348 2184; x_wconf 87' lang='grc' dir='ltr'>γύναι.</span> 
     </span>
    </p>

    <p class='ocr_par' dir='ltr' id='par_1_17' title="bbox 169 2199 1698 2389">
     <span class='ocr_line' id='line_1_31' title="bbox 230 2199 1698 2255; baseline 0.003 -15"><span class='ocrx_word' id='word_1_234' title='bbox 230 2212 325 2250; x_wconf 83' lang='lat'>102,</span> <span class='ocrx_word' id='word_1_235' title='bbox 349 2212 415 2255; x_wconf 82' lang='lat'>23.</span> <span class='ocrx_word' id='word_1_236' title='bbox 450 2199 646 2241; x_wconf 88' lang='lat' dir='ltr'>Scholion</span> <span class='ocrx_word' id='word_1_237' title='bbox 663 2199 885 2241; x_wconf 87' lang='lat' dir='ltr'>Nicanoris</span> <span class='ocrx_word' id='word_1_238' title='bbox 903 2200 947 2240; x_wconf 90' lang='lat' dir='ltr'>in</span> <span class='ocrx_word' id='word_1_239' title='bbox 964 2200 1234 2242; x_wconf 83' lang='lat' dir='ltr'>annotatione</span> <span class='ocrx_word' id='word_1_240' title='bbox 1249 2206 1526 2243; x_wconf 85' lang='lat' dir='ltr'>memoratum</span> <span class='ocrx_word' id='word_1_241' title='bbox 1543 2203 1619 2244; x_wconf 92' lang='lat' dir='ltr'>hoc</span> <span class='ocrx_word' id='word_1_242' title='bbox 1635 2207 1698 2244; x_wconf 88' lang='lat' dir='ltr'>est</span> 
     </span>
     <span class='ocr_line' id='line_1_32' title="bbox 169 2268 1697 2324; baseline 0.003 -16"><span class='ocrx_word' id='word_1_243' title='bbox 169 2268 215 2308; x_wconf 87' lang='lat' dir='ltr'>in</span> <span class='ocrx_word' id='word_1_244' title='bbox 235 2269 276 2308; x_wconf 96' lang='lat' dir='ltr'>A</span> <span class='ocrx_word' id='word_1_245' title='bbox 296 2268 558 2309; x_wconf 86' lang='grc' dir='ltr'>ὃιασταλτέον</span> <span class='ocrx_word' id='word_1_246' title='bbox 580 2269 641 2310; x_wconf 82' lang='grc' dir='ltr'>ἐπὶ</span> <span class='ocrx_word' id='word_1_247' title='bbox 662 2268 706 2308; x_wconf 85' lang='grc' dir='ltr'>τὸ</span> <span class='ocrx_word' id='word_1_248' title='bbox 728 2270 847 2310; x_wconf 88' lang='grc' dir='ltr'>πόποι</span> <span class='ocrx_word' id='word_1_249' title='bbox 869 2268 1012 2323; x_wconf 83' lang='lat' dir='ltr'>(codex</span> <span class='ocrx_word' id='word_1_250' title='bbox 1037 2270 1194 2322; x_wconf 85' lang='grc' dir='ltr'>πώποι)·</span> <span class='ocrx_word' id='word_1_251' title='bbox 1226 2273 1380 2321; x_wconf 72' lang='grc' dir='ltr'>μᾶλλον</span> <span class='ocrx_word' id='word_1_252' title='bbox 1411 2273 1487 2324; x_wconf 74' lang='grc' dir='ltr'>γὰρ</span> <span class='ocrx_word' id='word_1_253' title='bbox 1517 2273 1697 2323; x_wconf 80' lang='grc' dir='ltr'>ἐμφαίνει</span> 
     </span>
     <span class='ocr_line' id='line_1_33' title="bbox 171 2335 644 2389; baseline -0.002 -12"><span class='ocrx_word' id='word_1_254' title='bbox 171 2335 252 2377; x_wconf 82' lang='grc' dir='ltr'>καθ’</span> <span class='ocrx_word' id='word_1_255' title='bbox 277 2336 390 2377; x_wconf 82' lang='grc' dir='ltr'>ἑαυτὸ</span> <span class='ocrx_word' id='word_1_256' title='bbox 411 2338 644 2389; x_wconf 88' lang='grc' dir='ltr'>λεγόμενον.</span> 
     </span>
    </p>

    <p class='ocr_par' dir='ltr' id='par_1_18' title="bbox 230 2402 1529 2461">
     <span class='ocr_line' id='line_1_34' title="bbox 230 2402 1529 2461; baseline 0.002 -17"><span class='ocrx_word' id='word_1_257' title='bbox 230 2417 324 2459; x_wconf 90' lang='grc'>103,</span> <span class='ocrx_word' id='word_1_258' title='bbox 347 2417 386 2457; x_wconf 90' lang='lat'><strong>9.</strong></span> <span class='ocrx_word' id='word_1_259' title='bbox 420 2405 466 2460; x_wconf 78' lang='grc' dir='ltr'>τῇ</span> <span class='ocrx_word' id='word_1_260' title='bbox 489 2402 690 2461; x_wconf 78' lang='grc' dir='ltr'>στρατείᾳ]</span> <span class='ocrx_word' id='word_1_261' title='bbox 715 2408 781 2456; x_wconf 84' lang='grc' dir='ltr'>τῆς</span> <span class='ocrx_word' id='word_1_262' title='bbox 803 2407 1009 2458; x_wconf 86' lang='grc' dir='ltr'>στρατείας</span> <span class='ocrx_word' id='word_1_263' title='bbox 1030 2406 1074 2446; x_wconf 91' lang='lat' dir='ltr'>in</span> <span class='ocrx_word' id='word_1_264' title='bbox 1097 2407 1264 2447; x_wconf 88' lang='lat' dir='ltr'>scholiis</span> <span class='ocrx_word' id='word_1_265' title='bbox 1285 2407 1529 2447; x_wconf 88' lang='lat' dir='ltr'>minoribus.</span> 
     </span>
    </p>

    <p class='ocr_par' dir='ltr' id='par_1_19' title="bbox 230 2472 1399 2527">
     <span class='ocr_line' id='line_1_35' title="bbox 230 2472 1399 2527; baseline 0.003 -15"><span class='ocrx_word' id='word_1_266' title='bbox 230 2485 324 2527; x_wconf 84' lang='lat'>103,</span> <span class='ocrx_word' id='word_1_267' title='bbox 351 2485 414 2523; x_wconf 89' lang='lat'>14.</span> <span class='ocrx_word' id='word_1_268' title='bbox 442 2482 504 2524; x_wconf 85' lang='lat'>15.</span> <span class='ocrx_word' id='word_1_269' title='bbox 537 2472 735 2514; x_wconf 79' lang='lat' dir='ltr'>Deleatur</span> <span class='ocrx_word' id='word_1_270' title='bbox 756 2474 941 2515; x_wconf 89' lang='lat' dir='ltr'>scholion</span> <span class='ocrx_word' id='word_1_271' title='bbox 963 2489 1012 2515; x_wconf 78' lang='lat' dir='ltr'>ex</span> <span class='ocrx_word' id='word_1_272' title='bbox 1034 2475 1140 2515; x_wconf 87' lang='lat' dir='ltr'>Ven.</span> <span class='ocrx_word' id='word_1_273' title='bbox 1164 2476 1199 2515; x_wconf 84' lang='lat' dir='ltr'><strong>B</strong></span> <span class='ocrx_word' id='word_1_274' title='bbox 1222 2475 1399 2515; x_wconf 83' lang='lat' dir='ltr'>illatum.</span> 
     </span>
    </p>

    <p class='ocr_par' dir='ltr' id='par_1_20' title="bbox 232 2540 1416 2599">
     <span class='ocr_line' id='line_1_36' title="bbox 232 2540 1416 2599; baseline 0.005 -20"><span class='ocrx_word' id='word_1_275' title='bbox 232 2553 324 2595; x_wconf 87' lang='grc'>103,</span> <span class='ocrx_word' id='word_1_276' title='bbox 352 2540 415 2581; x_wconf 91' lang='lat'>16.</span> <span class='ocrx_word' id='word_1_277' title='bbox 449 2541 491 2581; x_wconf 83' lang='grc' dir='ltr'>ἔν</span> <span class='ocrx_word' id='word_1_278' title='bbox 513 2542 597 2581; x_wconf 82' lang='grc' dir='ltr'>ἐστι</span> <span class='ocrx_word' id='word_1_279' title='bbox 618 2541 661 2581; x_wconf 86' lang='grc' dir='ltr'>τὸ</span> <span class='ocrx_word' id='word_1_280' title='bbox 682 2541 842 2599; x_wconf 83' lang='grc' dir='ltr'>τοῦσὸε]</span> <span class='ocrx_word' id='word_1_281' title='bbox 868 2543 987 2583; x_wconf 86' lang='lat' dir='ltr'>Conf.</span> <span class='ocrx_word' id='word_1_282' title='bbox 1010 2543 1133 2584; x_wconf 82' lang='lat' dir='ltr'>schol.</span> <span class='ocrx_word' id='word_1_283' title='bbox 1156 2543 1206 2583; x_wconf 82' lang='lat' dir='ltr'>ad</span> <span class='ocrx_word' id='word_1_284' title='bbox 1233 2557 1295 2593; x_wconf 88' lang='grc' dir='ltr'>ΙΙ,</span> <span class='ocrx_word' id='word_1_285' title='bbox 1319 2556 1416 2595; x_wconf 89' lang='lat'><strong>409.</strong></span> 
     </span>
    </p>

    <p class='ocr_par' dir='ltr' id='par_1_21' title="bbox 170 2609 1694 2732">
     <span class='ocr_line' id='line_1_37' title="bbox 231 2609 1694 2667; baseline 0.004 -19"><span class='ocrx_word' id='word_1_286' title='bbox 231 2621 323 2663; x_wconf 90' lang='grc'>103,</span> <span class='ocrx_word' id='word_1_287' title='bbox 349 2620 416 2659; x_wconf 89' lang='lat'>24.</span> <span class='ocrx_word' id='word_1_288' title='bbox 448 2609 781 2667; x_wconf 78' lang='grc' dir='ltr'>διαστελλόντων]</span> <span class='ocrx_word' id='word_1_289' title='bbox 808 2611 935 2652; x_wconf 89' lang='lat' dir='ltr'>Recte</span> <span class='ocrx_word' id='word_1_290' title='bbox 951 2611 973 2662; x_wconf 83' lang='grc' dir='ltr'>ἢ</span> <span class='ocrx_word' id='word_1_291' title='bbox 991 2614 1308 2653; x_wconf 83' lang='grc' dir='ltr'>διαστελλόντων</span> <span class='ocrx_word' id='word_1_292' title='bbox 1323 2612 1451 2652; x_wconf 83' lang='lat' dir='ltr'>codex</span> <span class='ocrx_word' id='word_1_293' title='bbox 1466 2612 1694 2667; x_wconf 80' lang='lat' dir='ltr'>Angelicus</span> 
     </span>
     <span class='ocr_line' id='line_1_38' title="bbox 170 2676 867 2732; baseline 0.007 -16"><span class='ocrx_word' id='word_1_294' title='bbox 170 2691 234 2730; x_wconf 86' lang='lat' dir='ltr'><strong>ap.</strong></span> <span class='ocrx_word' id='word_1_295' title='bbox 258 2676 530 2731; x_wconf 85' lang='lat' dir='ltr'>Matrangam</span> <span class='ocrx_word' id='word_1_296' title='bbox 553 2677 633 2718; x_wconf 82' lang='lat' dir='ltr'><strong>vol.</strong></span> <span class='ocrx_word' id='word_1_297' title='bbox 658 2690 681 2720; x_wconf 87' lang='lat'><strong>2</strong></span> <span class='ocrx_word' id='word_1_298' title='bbox 704 2693 744 2732; x_wconf 92' lang='lat' dir='ltr'>p.</span> <span class='ocrx_word' id='word_1_299' title='bbox 767 2689 867 2732; x_wconf 86' lang='lat'><strong>472.</strong></span> 
     </span>
    </p>

    <p class='ocr_par' dir='ltr' id='par_1_22' title="bbox 230 2744 948 2803">
     <span class='ocr_line' id='line_1_39' title="bbox 230 2744 948 2803; baseline 0.006 -18"><span class='ocrx_word' id='word_1_300' title='bbox 230 2758 322 2795; x_wconf 91' lang='lat'>104,</span> <span class='ocrx_word' id='word_1_301' title='bbox 349 2757 386 2787; x_wconf 90' lang='lat'>2.</span> <span class='ocrx_word' id='word_1_302' title='bbox 419 2746 482 2785; x_wconf 86' lang='grc' dir='ltr'>καὶ</span> <span class='ocrx_word' id='word_1_303' title='bbox 503 2744 711 2803; x_wconf 86' lang='grc' dir='ltr'>φαίνοντα]</span> <span class='ocrx_word' id='word_1_304' title='bbox 737 2746 948 2789; x_wconf 79' lang='lat' dir='ltr'>Deleatur.</span> 
     </span>
    </p>

    <p class='ocr_par' dir='ltr' id='par_1_23' title="bbox 167 2810 1695 3004">
     <span class='ocr_line' id='line_1_40' title="bbox 231 2810 1695 2870; baseline 0.003 -17"><span class='ocrx_word' id='word_1_305' title='bbox 231 2813 324 2862; x_wconf 92' lang='lat'>106,</span> <span class='ocrx_word' id='word_1_306' title='bbox 349 2826 502 2869; x_wconf 84' lang='grc'>9-13,</span> <span class='ocrx_word' id='word_1_307' title='bbox 534 2810 653 2854; x_wconf 68' lang='lat' dir='ltr'>Haec·</span> <span class='ocrx_word' id='word_1_308' title='bbox 687 2815 731 2855; x_wconf 88' lang='lat' dir='ltr'>in</span> <span class='ocrx_word' id='word_1_309' title='bbox 767 2817 808 2856; x_wconf 91' lang='lat' dir='ltr'><strong>A</strong></span> <span class='ocrx_word' id='word_1_310' title='bbox 844 2820 942 2857; x_wconf 86' lang='lat' dir='ltr'>sunt</span> <span class='ocrx_word' id='word_1_311' title='bbox 976 2816 1056 2857; x_wconf 89' lang='lat' dir='ltr'>duo</span> <span class='ocrx_word' id='word_1_312' title='bbox 1098 2815 1265 2866; x_wconf 84' lang='lat' dir='ltr'>scholia,</span> <span class='ocrx_word' id='word_1_313' title='bbox 1301 2831 1476 2870; x_wconf 85' lang='lat' dir='ltr'>quorum</span> <span class='ocrx_word' id='word_1_314' title='bbox 1517 2817 1695 2858; x_wconf 83' lang='lat' dir='ltr'>alterum</span> 
     </span>
     <span class='ocr_line' id='line_1_41' title="bbox 167 2881 1695 2938; baseline 0.003 -17"><span class='ocrx_word' id='word_1_315' title='bbox 167 2881 219 2922; x_wconf 86' lang='lat' dir='ltr'>ab</span> <span class='ocrx_word' id='word_1_316' title='bbox 244 2881 379 2922; x_wconf 81' lang='lat' dir='ltr'>verbis</span> <span class='ocrx_word' id='word_1_317' title='bbox 411 2883 432 2922; x_wconf 88' lang='grc' dir='ltr'>ὁ</span> <span class='ocrx_word' id='word_1_318' title='bbox 463 2883 582 2935; x_wconf 85' lang='grc' dir='ltr'>λόγος</span> <span class='ocrx_word' id='word_1_319' title='bbox 614 2883 773 2937; x_wconf 90' lang='lat' dir='ltr'>incipit,</span> <span class='ocrx_word' id='word_1_320' title='bbox 805 2888 1030 2938; x_wconf 85' lang='lat' dir='ltr'>utrumque</span> <span class='ocrx_word' id='word_1_321' title='bbox 1062 2899 1155 2925; x_wconf 89' lang='lat' dir='ltr'>cum</span> <span class='ocrx_word' id='word_1_322' title='bbox 1186 2885 1381 2925; x_wconf 78' lang='lat' dir='ltr'>lemmate</span> <span class='ocrx_word' id='word_1_323' title='bbox 1413 2900 1496 2935; x_wconf 89' lang='lat' dir='ltr'>suo,</span> <span class='ocrx_word' id='word_1_324' title='bbox 1530 2889 1578 2926; x_wconf 89' lang='lat' dir='ltr'>ut</span> <span class='ocrx_word' id='word_1_325' title='bbox 1609 2886 1695 2926; x_wconf 80' lang='lat' dir='ltr'>dixi</span> 
     </span>
     <span class='ocr_line' id='line_1_42' title="bbox 171 2949 487 3004; baseline -0.003 -14"><span class='ocrx_word' id='word_1_326' title='bbox 171 2949 252 2990; x_wconf 87' lang='lat' dir='ltr'><strong>vol.</strong></span> <span class='ocrx_word' id='word_1_327' title='bbox 279 2962 300 2991; x_wconf 89' lang='lat'><strong>2</strong></span> <span class='ocrx_word' id='word_1_328' title='bbox 328 2965 367 3003; x_wconf 88' lang='lat' dir='ltr'>p.</span> <span class='ocrx_word' id='word_1_329' title='bbox 392 2950 487 3004; x_wconf 80' lang='lat'><strong>348.</strong></span> 
     </span>
    </p>
   </div>
  </div>
 </body>
</html>
