1959 3319
224 129 310 169 396
834 127 1143 167 ADDENDA.

282 231 385 285 Pag.
411 243 446 279 2,
473 240 509 282 7.
553 231 572 269 ὁ
604 228 645 269 δὲ
679 230 807 269 αἰτίαν
839 228 1015 281 ἐπιφέρει
1047 230 1096 271 ὡς
1127 233 1202 270 τῶν
1232 228 1458 279 ποιημάτων
1494 230 1537 270 ἐν
1568 229 1612 284 τῇ
1644 228 1752 279 τάξει

226 296 561 355 διημαρτημένων]
585 297 833 338 Notandum
863 297 1088 347 ποιημάτων
1118 312 1201 337 11011
1229 297 1454 346 carminum,
1486 297 1554 336 sed
1579 310 1754 337 versuum

226 366 487 421 singulorum
518 364 822 419 significatione
854 364 1025 414 dictum,
1057 379 1138 419 quo
1169 380 1291 406 sensu
1323 365 1448 406 etiam
1483 365 1574 407 ἔπος
1606 368 1648 405 et
1680 367 1753 415 ἔπη

225 435 444 475 dicuntur:
478 434 527 474 (10
553 448 632 488 quo
658 447 735 473 usu
757 432 845 473 dixi
867 433 911 473 in
933 432 1141 474 Thesauro
1168 448 1198 474 s.
1218 448 1257 474 v.
1283 435 1443 484 ποίημα.
1506 433 1598 474 Hoc
1620 432 1754 487 igitur

224 502 341 552 dicit,
367 516 508 543 versus
539 503 590 542 de
620 500 770 555 quibus
799 501 940 555 agitur
970 501 1077 541 male
1108 501 1330 542 collocatos
1360 515 1461 551 esse,
1487 502 1752 554 quemadmo-

224 571 324 610 dum
341 585 362 611 e
378 570 585 611 contrario
606 570 658 610 ad
677 574 724 619 Z,
747 569 969 622 176—178
988 568 1208 609 annotavit
1226 568 1490 625 (ἀστερίσκος)
1513 570 1572 609 ὅτι
1588 570 1753 609 ἐνταῦθα

224 639 335 690 τάξιν
357 640 581 693 ἐπέχουσιν,
606 639 633 680 1.
652 653 686 680 0.
709 638 772 678 hie
795 639 917 678 locum
940 652 1051 678 suum
1074 638 1257 687 obtinent,
1280 652 1365 678 non
1385 641 1480 691 post
1501 653 1541 678 v.
1568 646 1659 689 159,
1683 637 1754 677 ubi

225 709 276 748 ab
297 707 389 748 aliis
411 707 530 757 illati,
554 707 624 748 sed
645 706 696 747 ab
719 706 961 747 Aristarcho
983 705 1112 747 obelis
1133 706 1269 746 notati
1290 708 1421 746 erant.
1482 705 1618 746 Schol.
1641 706 1692 745 ad
1716 717 1752 754 2,

230 776 309 817 188
332 776 426 828 πρὸς
451 777 520 827 τὴν
545 775 658 826 τάξιν
678 779 746 815 τοῦ
769 774 856 825 ἑξῆς
878 774 922 815 τὸ
944 776 1168 827 ἀντίσιγμα.

281 857 320 895 4,
348 858 413 886 11.
444 848 512 885 τοῦ
535 843 696 885 δεκάτου
718 841 846 900 ἔτους]
870 847 937 884 τοῦ
960 846 1160 886 δεκαετοῦς
1182 843 1235 884 A.

284 913 322 962 6,
350 926 414 967 19.
449 909 589 969 καλῆς]
615 911 737 962 καλὴν
757 912 809 951 Α.

285 981 322 1031 6,
349 993 414 1021 20.
447 981 590 1034 χρόνου
612 979 811 1020 deleatur.

287 1060 322 1103 7,
350 1063 415 1101 14.
448 1046 645 1105 ἐμοίχευε]
671 1049 881 1102 ἐμοίχευσε
903 1049 954 1088 Α.

285 1131 322 1171 9,
349 1131 386 1159 2.
420 1115 635 1174 ἑκηβόλου]
661 1118 859 1167 ἑκηβόλον
879 1116 931 1155 A.

289 1200 353 1237 10,
376 1187 414 1227 6.
448 1185 503 1240 δ’]
523 1185 557 1226 τ’
580 1186 619 1225 Α
642 1188 765 1225 recte.

287 1268 303 1295 1
317 1268 351 1304 1,
380 1268 443 1310 13.
477 1254 606 1294 Recte
626 1254 671 1293 in
692 1253 732 1293 A
753 1256 773 1293 ’ἶ
794 1253 837 1294 δὲ
858 1272 938 1305 πρσ
959 1250 981 1294 7⁵
1003 1253 1124 1306 φύσιν
1153 1255 1257 1293 ὃικαῖ
1284 1252 1494 1305 τηρήσανῗ,
1518 1253 1545 1292 1.
1561 1267 1595 1293 e.
1617 1253 1684 1292 τοῦ
1715 1252 1757 1293 δὲ

226 1324 372 1371 πατρὸς
392 1323 461 1374 τὴν
482 1324 604 1376 φύσιν
624 1323 779 1364 δικαίως
801 1322 1050 1374 τηρήσαντος.

288 1405 354 1443 12,
380 1391 445 1433 18.
488 1392 542 1432 In
572 1393 693 1432 textu
724 1390 876 1432 codicis
907 1394 969 1432 est
998 1390 1021 1442 ἢ
1054 1389 1084 1430 δ’
1120 1392 1254 1443 αἰγῶν,
1286 1390 1396 1430 unde
1430 1389 1647 1430 Bekkerus
1679 1390 1758 1430 hoc

227 1464 428 1515 tanquam
458 1460 611 1501 lemma
642 1459 787 1500 scholii
813 1458 1171 1513 intermarginalis
1198 1458 1355 1512 recepit
1386 1460 1445 1499 ὅτι
1477 1459 1653 1510 περιττὸς
1675 1460 1695 1498 ὁ
1718 1458 1761 1499 δέ

228 1530 402 1581 συνήθως
424 1530 537 1585 αὐτῷ,
557 1543 691 1569 errore
713 1528 948 1569 manifesto.
994 1528 1107 1568 Nam
1131 1526 1317 1567 scholion
1339 1541 1423 1568 non
1444 1526 1497 1567 ad
1517 1527 1616 1568 haec
1633 1526 1758 1567 verba

227 1598 420 1652 pertinet,
445 1597 515 1639 sed
539 1597 590 1638 ad
615 1597 803 1651 proxima
831 1598 875 1637 τὸ
903 1597 945 1638 δέ
975 1614 1042 1648 μοι
1070 1595 1235 1648 κρήηνον
1268 1595 1425 1649 ἐέλδωρ,
1460 1595 1504 1636 111
1534 1596 1685 1650 quibus
1717 1595 1760 1636 δέ

227 1667 271 1707 111
302 1666 484 1720 apodosi,
510 1669 559 1707 ut
590 1680 719 1720 saepe,
752 1666 962 1706 abundare
992 1664 1096 1706 dicit
1128 1664 1364 1705 scholiasta.
1444 1664 1619 1705 Monuit
1650 1665 1758 1705 Roe-

227 1750 377 1776 merus.

289 1814 352 1857 17,
379 1814 415 1857 7.
449 1804 679 1846 Addendus
700 1804 919 1845 asteriscus
940 1804 1009 1844 hic
1030 1806 1072 1844 et
1092 1818 1132 1856 p.
1158 1815 1225 1853 24,
1244 1812 1311 1856 25.

290 1884 353 1926 17,
381 1884 445 1927 15.
478 1871 758 1930 ἀεροσκοπίαν]
785 1873 1038 1926 ἱεροσκοπίαν
1061 1871 1272 1912 Christius
1294 1870 1403 1924 apud
1424 1871 1686 1912 Roemerum.

291 1952 356 1995 17,
382 1955 448 1998 23.
480 1945 557 1983 πᾶν
577 1941 687 1995 λέγει
710 1941 874 1996 ἀληθές]
896 1938 976 1982 παῖ)
996 1940 1106 1993 λέγει
1128 1942 1254 1991 ἀληθῆ
1274 1940 1327 1980 Α.
1349 1942 1391 1980 et
1413 1939 1502 1981 cod.
1523 1940 1701 1994 Ncapol.

288 2010 352 2059 18,
380 2023 444 2051 10.
477 2011 611 2061 ὥσπερ
642 2012 717 2063 γὰρ
747 2010 869 2052 οὐδεὶς
899 2010 1008 2062 λέγει
1041 2008 1270 2060 ἐκατέβαινε
1291 2008 1564 2063 Pluygersius
1595 2008 1759 2062 scripsit

226 2094 300 2133 pro
335 2078 390 2129 οὓ,
428 2080 537 2134 quod
573 2083 636 2120 est
671 2079 716 2119 in
748 2080 800 2119 A.
863 2078 992 2118 Recte
1028 2092 1124 2118 vero
1161 2077 1417 2118 Villoisonus
1453 2077 1543 2118 οὐδέ
1579 2076 1755 2130 scripsit.

226 2148 428 2202 Exemplo
454 2148 570 2188 verbi
594 2147 826 2198 ἐκατέβαιυε
856 2146 1078 2186 scholiasta
1105 2149 1322 2199 propterea
1350 2145 1497 2194 utitur,
1520 2145 1617 2198 quia
1645 2148 1757 2185 recta

227 2216 459 2270 imperfecti
495 2216 627 2257 forma
665 2216 872 2267 κατέβαινε
905 2215 1114 2254 Homerus
1145 2214 1305 2254 duobus
1340 2214 1385 2254 in
1416 2213 1515 2254 locis
1547 2213 1758 2267 Odysseae

227 2301 326 2326 usus
348 2288 424 2327 est.

287 2367 355 2404 20,
382 2354 447 2395 16.
485 2351 674 2393 Delenda
708 2351 833 2392 verba
863 2351 914 2392 ab
947 2351 1175 2392 editoribus
1205 2350 1347 2391 addita
1378 2349 1423 2392 ὃν
1452 2351 1605 2403 ἠτίμησ’
1636 2349 1758 2404 Ἀγα-

226 2422 396 2474 μέμνων.

287 2504 352 2541 20,
382 2505 396 2531 1
409 2500 444 2543 7.
476 2489 617 2531 Verba
632 2489 828 2530 lemmate
851 2488 1034 2530 carentia
1054 2493 1273 2530 Δαναοῖσιν
1291 2487 1421 2528 ἀεικέα
1437 2487 1576 2541 λοιγὸν
1593 2488 1756 2529 ἀπώσει.

227 2562 345 2602 οὕτως
377 2561 416 2600 αἱ
435 2558 700 2612 Ἀριστάρχου
722 2558 838 2613 (nam
860 2557 917 2598 sic
938 2557 990 2607 A,
1014 2572 1095 2598 11011
1124 2558 1243 2599 οὕτως
1266 2555 1543 2612 Ἀρίσταρχος)
1573 2555 1757 2597 scholion

226 2630 325 2668 sunt
341 2626 696 2681 intermarginale,
714 2641 737 2667 a
757 2640 838 2680 quo
860 2626 1133 2680 separandum
1151 2628 1213 2665 est
1235 2625 1420 2666 scholion
1437 2625 1546 2679 quod
1569 2623 1756 2678 sequitur

225 2695 454 2749 marginale
486 2700 513 2719 “
528 2697 589 2736 καὶ
610 2697 632 2747 ἡ
656 2694 1165 2748 Μασσαλιωτική-χεῖρας
1197 2693 1375 2746 ἆφέξει,”
1403 2694 1512 2747 quod
1534 2693 1577 2733 in
1599 2694 1638 2732 A
1660 2695 1754 2746 post

226 2765 374 2817 δωρεάν
395 2764 468 2805 1111.
494 2777 561 2815 24,
583 2779 664 2819 quo
685 2764 922 2818 proximum
945 2763 1129 2804 scholion
1152 2762 1308 2812 finitur,
1332 2762 1553 2803 traiectum
1576 2765 1652 2802 est.

284 2846 352 2883 20,
378 2845 444 2875 22.
476 2831 628 2890 λέγειν]
652 2834 760 2886 λέγει
782 2832 1021 2873 Roemcrus.

286 2913 351 2950 22,
379 2915 442 2941 ΙΙ.
475 2899 910 2958 ἐπαναλαμβάνουσαν]
936 2903 1267 2942 ἐπαναπολοῦσαν
1288 2901 1341 2940 Α.

286 2982 350 3017 22,
379 2970 441 3009 18,
475 2971 568 3021 πρὸς
590 2967 731 3026 τούτῳ]
757 2970 849 3023 πρὸς
872 2973 983 3010 τοῦτο
1007 2969 1056 3008 Α.
