1959 3319
228 127 314 166 410
842 121 1151 162 ADDENDA.

232 225 498 280 ἑτοιμάσασθ.
563 225 664 265 ὥστε
687 223 730 264 τὸ
751 225 825 275 μὲν
847 228 989 265 τῶν-.
1053 223 1192 264 Codex
1213 237 1309 264 vero
1335 222 1448 277 Lips.
1472 236 1637 276 prorsus
1662 235 1757 262 eum

230 297 394 337 Veneto
430 295 466 334 B
495 292 713 342 consenti‘o,
741 292 821 333 duo
850 292 1047 332 exhibens
1078 292 1247 342 scholia,
1274 291 1389 345 prius
1421 293 1508 333 οὔτε
1538 308 1590 346 τῳ
1622 291 1756 345 ἄλλως

231 367 293 406 ἵνα
332 364 383 415 μὴ
425 361 873 418 νομισθῇ-δεδωκέναι,
914 360 1102 412 alterum,
1139 362 1201 401 διὰ
1240 361 1281 400 τί
1318 362 1338 401 ὁ
1372 359 1759 414 Ἀχιλλεύς-ἀναν-

231 435 349 485 δρίας.

290 512 339 554 51
366 498 440 540 001.
462 499 501 539 b.
524 498 598 540 lin.
620 497 697 538 ult.
718 496 878 554 ῥητεὸν]
904 497 1077 551 Coi-rige
1098 496 1245 549 ῥητέον.

289 580 356 623 55,
385 581 448 623 13.
480 580 573 616 101,
600 580 664 608 11.
698 579 791 619 119,
819 578 883 608 12.
917 577 1008 621 153,
1033 578 1100 620 32.
1132 565 1226 617 167,
1254 578 1317 615 14.
1352 575 1446 617 279,
1472 577 1539 619 32.
1574 564 1668 614 284,
1696 577 1760 613 14.

233 650 329 694 395‚
355 650 421 690 27.
452 646 550 691 473,
579 649 595 676 1
622 639 664 676 eh
687 635 765 678 vol.
797 649 825 686 4
856 650 894 688 p.
922 646 1014 689 153,
1039 647 1076 689 3.
1112 646 1205 685 224,
1234 647 1296 675 10.
1329 638 1371 674 et:
1404 646 1470 683 24.
1535 633 1762 684 Πορφυρίου

233 723 312 749 0111.
336 708 384 755 B,
408 705 567 746 habent
588 704 668 747 alii.

291 776 357 825 61,
386 788 450 829 13.
483 770 722 829 τελεώτερα]
765 773 1004 824 παλαιότερα
1045 771 1228 812 Cobetus
1262 770 1425 811 Mnem.
1458 784 1587 810 novae
1618 769 1699 810 vol.
1735 782 1763 819 4

232 861 271 900 P·
298 855 393 897 277·

292 914 316 953 6
322 927 359 968 3,
385 925 451 962 24.
483 909 805 964 Praefigendum
828 910 1054 962 Πορφυρίων
1076 924 1126 949 ex
1146 908 1238 949 aliis
1254 907 1475 950 codicibus.

292 982 358 1031 66,
384 994 422 1035 3.
456 977 663 1035 θυσιάσαι]
688 979 871 1030 θυμιάσαι
895 977 1076 1018 001)οἘ115
1098 977 1123 1018 l.
1141 992 1173 1018 e.
1192 992 1232 1031 p.
1254 987 1349 1029 277.
1411 977 1540 1017 Recte
1563 975 1764 1029 script-um

234 1055 295 1092 est
318 1049 427 1089 infra
450 1063 490 1103 p.
514 1048 610 1103 386,
638 1060 702 1100 19.

293 1120 361 1173 69,
389 1128 453 1170 17.
485 1117 538 1157 In
561 1119 702 1157 annot.
726 1112 977 1170 συναλοφὴν]
1003 1114 1176 1168 Corrige
1199 1114 1434 1166 συναλιφήν.

295 1198 362 1241 75,
386 1199 452 1228 22.
487 1186 539 1225 111
561 1186 702 1224 annot.
727 1185 928 1235 ἀπογνῶαι
949 1182 1192 1236 typothetae
1214 1196 1326 1222 error
1346 1196 1419 1235 pro
1443 1182 1680 1234 ἀπογνῶναι.

294 1257 361 1309 78,
387 1268 454 1296 20.
487 1253 588 1294 ὥσσ’
611 1252 856 1307 typothetae
879 1266 988 1292 error
1009 1266 1084 1305 pro
1107 1249 1214 1292 ἆσσ’.

293 1338 359 1379 99,
386 1334 450 1377 27.
484 1323 552 1363 Ad
574 1338 613 1363 v.
641 1331 720 1375 145
751 1322 795 1361 in
829 1322 941 1362 Scor.
964 1324 1025 1361 esb
1056 1319 1242 1360 scholion
1274 1318 1508 1373 Porphyrii,
1538 1319 1766 1371 Πορφυρίου

235 1398 288 1437 εἰς
309 1394 354 1434 τὸ
377 1394 557 1434 “πόντου
577 1389 796 1442 Ἰκαρίοιο.”
857 1390 914 1430 Τὸ
934 1389 1102 1440 Ἰκάριον
1126 1390 1303 1441 πέλαγος
1333 1388 1558 1438 πολύκυμόν
1589 1389 1675 1428 ἐστι
1707 1386 1768 1426 καὶ

236 1465 466 1516 ταραχῶδες,
491 1463 535 1517 τῇ
555 1462 630 1512 μὲν
652 1459 936 1510 ἇνασπωμένου
959 1462 1026 1499 τοῦ
1047 1460 1164 1511 ῥόθου
1190 1459 1274 1510 περὶ
1290 1456 1499 1508 ’Ἄμπελον
1529 1455 1768 1509 ἀκρωτήριον

235 1536 302 1584 τῆς
339 1531 472 1582 Σάμου
510 1531 572 1570 καὶ
609 1527 927 1579 ἀνακοπτομένου
964 1532 1046 1570 ταῖς
1079 1529 1252 1579 κόρσαις,
1285 1525 1592 1579 ἐπεγειρομένων
1627 1543 1669 1566 τε
1706 1527 1768 1567 καὶ

236 1604 304 1644 τὰς
325 1604 401 1641 τῶν
423 1598 572 1650 ἀνέμων
594 1598 765 1647 ἔκβολον
787 1595 1023 1647 ἐπαλλήλων
1045 1595 1221 1647 κυμάτων
1243 1594 1599 1646 περιβεβλημένων
1619 1611 1770 1635 παντα-

237 1672 359 1725 χόθεν
380 1671 451 1709 ὧδε
472 1668 523 1723 τῷ
550 1666 715 1719 πελάγει
745 1665 877 1716 νήσων
908 1665 1100 1714 ἀπλέτων,
1124 1667 1168 1720 τῇ
1199 1666 1272 1715 μὲν
1300 1665 1433 1714 Νάξου
1456 1680 1497 1704 τε
1525 1664 1584 1703 καὶ
1619 1663 1766 1714 Πάρου,

237 1741 282 1791 τῇ
307 1740 348 1779 δὲ
372 1739 433 1778 καὶ
461 1735 665 1788 ἀντιπέρας
687 1733 877 1787 ’.Ωλιάρου
908 1751 950 1775 τε
983 1735 1044 1775 καὶ
1077 1734 1286 1774 Μελάντου
1318 1732 1524 1773 σκοπέλων
1547 1733 1609 1772 καὶ
1632 1732 1769 1783 Δήλου

240 1808 301 1849 καὶ
337 1807 521 1847 Μυκόνου
555 1805 617 1845 καὶ
652 1805 936 1854 ἀναθλίβοντος
972 1805 1037 1844 τὰς
1073 1802 1214 1853 νήσους
1251 1805 1329 1844 τοῖς
1363 1803 1509 1841 ἑαυτῶν
1541 1801 1669 1843 τόνοις
1702 1804 1770 1841 τοῦ

241 1878 406 1929 Αἰγαίου
429 1873 627 1927 πελάγους
654 1875 721 1924 τῆς
749 1889 789 1913 τε
818 1872 1059 1922 ἐπικειμένης
1089 1872 1254 1923 Καρίδος
1282 1870 1402 1920 νήσου
1433 1870 1493 1909 καὶ
1521 1869 1771 1922 πανταχόθεν

241 1944 527 1996 κυμαινομένης.
588 1943 778 1995 ἀγριαίνει
809 1943 850 1982 δὲ
883 1942 978 1981 ὅλον
1007 1940 1052 1980 τὸ
1082 1939 1255 1992 πέλαγος
1278 1940 1298 1978 ὁ
1325 1938 1562 1989 ἐπικείμενος
1595 1937 1770 1989 κρημνὸς,

240 2014 492 2064 σκοπελώδης
522 2029 563 2053 τε
596 2011 651 2051 ὢν
683 2011 744 2051 καὶ
776 2008 1012 2064 ἀγχιβαθής.
1075 2012 1194 2049 ταῦτα
1222 2010 1263 2048 δὲ
1296 2008 1358 2047 καὶ
1384 2007 1564 2059 ’Όμηρον
1600 2005 1772 2056 ἀκριβῶς

239 2082 498 2133 ἐπιστάμενον
519 2080 588 2121 τὸν
605 2084 682 2120 τῶν
697 2079 908 2129 “Ελλήνων
928 2078 1101 2131 τάραχον
1122 2076 1321 2117 ἀποπλεῖν
1343 2076 1605 2127 διεγνωκότων
1628 2076 1682 2116 εἷς
1703 2073 1772 2116 τὰς

239 2152 422 2203 πατρίδας
457 2148 689 2201 παρεικάσαι
727 2149 888 2188 εἰπόντα
925 2151 946 2168 “
963 2146 1098 2196 κινήθη
1141 2143 1172 2185 δ’
1210 2143 1332 2196 ἀγορὴ
1374 2145 1424 2184 ὡς
1465 2144 1612 2193 κύματα
1647 2144 1773 2192 μακρὰ

240 2219 443 2269 θαλάσσης
471 2217 476 2273 Ι
503 2219 646 2257 πόντου
661 2217 853 2265 Ἰκαρίοιο,
872 2217 919 2255 τὰ
933 2213 1004 2266 μέν
1019 2212 1051 2253 τ’
1068 2214 1175 2265 εὖρός
1192 2230 1232 2254 τε
1251 2216 1360 2254 νότος
1377 2229 1419 2252 τε
1445 2212 1452 2266 Ι
1480 2212 1590 2263 ὤρορ’
1609 2210 1772 2261 ἐπαΐξας

241 2288 385 2340 πατρὸς
423 2286 517 2328 Διὸς
554 2287 595 2325 ἐκ
633 2285 847 2337 νεφελάων,
883 2282 984 2323 “καὶ
1019 2284 1055 2322 οἱ
1085 2283 1221 2332 ἄνεμοι
1258 2280 1313 2330 δὲ,
1346 2280 1461 2332 φησὶ,
1492 2280 1680 2332 χειμέριοι
1713 2279 1773 2319 καὶ

241 2357 450 2398 ἀντίπαλοι
472 2355 578 2407 εὖρός
601 2371 640 2393 τε
666 2354 777 2395 νότος
805 2369 847 2392 τε
876 2355 956 2393 τοῖς
985 2354 1051 2391 τοῦ
1073 2349 1390 2401 Ἑλλησπόντου,
1414 2349 1504 2389 ἔνθα
1532 2349 1576 2399 δὴ
1609 2347 1772 2389 ἀναθλι-

241 2426 413 2476 βόμενον
435 2424 478 2464 τὸ
500 2422 666 2475 Ἰκάριον
689 2421 898 2462 ἀνοιδαίνει
918 2419 1105 2472 πέλαγος.

305 2493 397 2542 106,
423 2493 460 2533 8.
494 2490 691 2547 ὄχθησαν]
718 2490 911 2530 Restitue
935 2489 1122 2542 ὤχθησαν
1143 2502 1193 2528 ex
1216 2487 1265 2528 Β.

304 2562 396 2611 106,
425 2575 488 2601 11.
523 2556 774 2615 περιτρέψαι]
799 2557 992 2598 Restitue
1013 2556 1264 2608 παρατρέψαι
1285 2570 1336 2595 ex
1358 2556 1406 2597 Β.

305 2641 397 2683 107,
422 2640 490 2685 35.
522 2629 635 2669 An‘ce
657 2627 686 2668 ὦ
708 2628 872 2668 πέπονες
899 2626 1002 2666 adde
1033 2624 1249 2665 asteriscos
1270 2625 1339 2665 Η.
1402 2625 1515 2664 Nam
1537 2627 1674 2664 totum
1697 2623 1774 2663 1100

244 2699 429 2740 scholion
451 2702 514 2739 es‘c
534 2712 682 2738 manus
704 2696 850 2737 tertiae
872 2695 997 2735 rubro
1020 2693 1140 2748 Signo
1163 2693 1359 2746 praefixo.

305 2783 319 2809 1
336 2782 399 2821 19,
424 2769 491 2810 28.
524 2769 609 2808 οἶόν
634 2764 700 2823 γε]
725 2767 809 2806 οἶόν
830 2781 866 2805 τι
888 2764 1070 2804 Cobetus
1091 2762 1252 2803 Mnem.
1277 2777 1407 2803 novae
1430 2761 1510 2802 vol.
1532 2775 1560 2812 4
1582 2776 1621 2815 p.
1651 2761 1747 2812 278.

306 2850 397 2886 122,
424 2849 489 2891 29.
524 2836 577 2875 In
598 2838 738 2875 annot.
762 2848 834 2887 pro
857 2832 1054 2886 γεγαμνέη
1076 2830 1236 2885 corrige
1257 2831 1466 2884 γεγαμένη.

308 2919 400 2955 140,
423 2920 462 2959 9.
497 2905 549 2945 111
590 2903 753 2945 oraculo
790 2901 992 2955 scriptum
1025 2900 1106 2940 fuit
1138 2900 1258 2940 ἵππον
1295 2898 1555 2949 Θεσσαλικὴν
1587 2901 1775 2938 Λακεδαι-

246 2976 385 3026 μονίαν
406 2991 447 3015 τε
471 2977 635 3026 γυναῖκα
663 2971 667 3028 Ι
696 2972 834 3024 ἄνδρας
858 2969 889 3011 θ’
912 2970 950 3010 οἳ
978 2970 1159 3010 πίνουσιν
1185 2970 1282 3020 ὕδωρ
1314 2971 1433 3019 καλῆς
1457 2967 1703 3019 Ἀρεθούσης,
1728 2968 1776 3006 ut
