1959 3319
223 107 306 146 398
832 101 1140 141 ADDENDA.

283 208 350 256 68,
376 207 439 249 28.
475 203 689 260 εἰρηκόσιν]
716 204 785 243 Sic
807 203 962 243 scholia
984 202 1167 243 minora:
1201 203 1270 243 sed
1293 206 1402 243 recte
1425 204 1583 255 εἰρηκώς
1603 205 1655 245 Α.

284 286 348 327 70,
374 288 411 329 3.
455 273 685 313 Deleantur
722 272 846 311 verba
886 285 935 311 ex
970 270 1076 310 Ven.
1112 270 1148 309 B
1185 270 1302 311 illata
1342 272 1365 322 ἡ
1398 275 1572 324 χρυσοῦν
1613 272 1752 323 θρόνον

225 344 373 396 ἔχουσα
393 342 570 392 βασιλίς.
615 343 772 389 μᾶλλον
799 340 852 380 δέ.

284 422 348 462 71,
377 423 440 464 13.
474 409 527 448 Ι11
547 423 669 448 versu
690 406 905 460 Euripidis
927 423 1008 448 πως
1029 406 1137 446 male
1159 406 1301 446 omisit
1321 408 1374 446 A.

284 488 348 530 71,
370 489 552 519 20—22.
576 476 680 516 Dele
696 475 822 516 verba
838 489 888 515 ex
905 474 1011 514 Ven.
1031 473 1066 513 B
1084 474 1203 514 illata
1226 475 1287 514 καὶ
1304 474 1373 514 τὸν
1393 474 1754 525 μαλακὸν-ταπή-

224 564 301 587 των
323 549 364 586 et
385 560 482 585 mox
504 546 702 594 δασύτητα
723 544 759 594 ἤ.

283 625 348 667 72,
377 627 439 669 13.
475 617 541 654 νῦν
572 615 646 666 γὰρ
678 612 723 663 δὴ
754 612 865 665 γένος
899 609 1008 667 ἐστί]
1045 611 1155 651 Sunb
1189 609 1362 651 Hesiodi
1394 611 1519 651 verba
1549 610 1629 664 Op.
1658 611 1751 663 176.

222 682 363 722 Verba
386 681 574 735 proxima
605 684 673 721 νῦν
699 681 823 722 ὤλετο
848 683 958 720 πᾶσα
988 679 1073 730 περὶ
1099 680 1207 732 χθὼν
1228 682 1366 718 sumta
1397 682 1495 718 sunt
1526 693 1576 718 ex
1608 677 1661 718 Il.
1688 691 1751 732 13,

225 760 319 804 772,
344 750 414 791 ubi
436 753 504 791 νῦν
526 750 649 790 ὤλετο
671 752 780 790 πᾶσα
803 746 886 788 κατ’
909 748 1026 799 ἄκρης
1041 746 1168 789 Ἴλιος
1189 746 1357 797 αἰπεινή.

283 830 347 872 72,
377 818 439 859 16.
473 818 698 870 ἀπέστρεφε
721 819 762 857 δὲ
783 816 850 857 τὸν
870 814 1011 872 λόγου]
1037 816 1152 869 Lege
1169 815 1405 867 ἀπέστροφε,
1425 817 1473 854 ut
1495 814 1639 854 multis
1660 814 1753 854 aliis

221 887 322 928 locis
344 891 453 927 recte
481 889 543 926 θεῖ
564 885 844 926 emendatum.
889 884 951 926 Cf.
973 883 1026 925 ad
1042 897 1081 936 4,
1101 897 1198 938 303.
1236 883 1298 933 16,
1321 896 1416 938 203.
1436 883 1533 935 697.
1554 883 1649 935 787.
1686 893 1750 935 17,

224 967 320 1008 702.
347 965 442 1009 705.
499 954 701 994 COBET.
724 953 885 993 Mnem.
908 967 1039 993 novae
1060 952 1141 993 vol.
1164 966 1192 1003 4
1215 967 1255 1005 p.
1282 951 1377 1004 278.

283 1037 348 1076 72,
370 1023 435 1066 28.
470 1022 585 1063 ἐννέα
608 1024 741 1073 τιμίων
772 1037 822 1062 ex
845 1020 1027 1061 Bekkeri
1049 1020 1285 1060 coniectura
1310 1020 1449 1073 scripsi
1475 1034 1548 1073 pro
1573 1020 1750 1070 ἐντίμων,

223 1093 331 1147 quod
352 1091 396 1131 in
420 1093 517 1131 ἑπτὰ
538 1092 673 1141 τιμίων
694 1093 832 1129 murat
854 1090 1092 1137 Roemerus,
1121 1088 1270 1128 collato
1293 1087 1448 1127 scholio
1470 1102 1508 1128 v.
1533 1097 1599 1140 55.
1623 1102 1663 1141 p.
1685 1097 1751 1140 75,

225 1171 261 1213 7.
287 1161 473 1201 ἀπίθανον
495 1158 537 1199 δὲ
560 1160 600 1198 ἐν
623 1160 720 1198 ἑπτὰ
742 1157 857 1208 ὀρθὸν
879 1160 1122 1208 δημηγορεῖν.

282 1238 348 1283 73,
378 1241 440 1281 13.
472 1223 669 1282 Ἰωνικῶς]
696 1225 779 1274 Sic,
802 1239 885 1265 non
905 1224 1053 1273 Ἰακῶς,
1078 1224 1203 1264 etiam
1226 1239 1266 1277 p,
1291 1224 1356 1274 82,
1381 1234 1420 1277 5.

282 1306 349 1350 73,
373 1308 439 1337 22.
473 1294 703 1334 Deleantur
732 1294 856 1334 verba
887 1307 937 1333 cx
958 1293 1062 1334 Ven.
1087 1292 1123 1332 B
1148 1291 1267 1332 illata
1297 1293 1418 1346 χιτὼν
1444 1291 1487 1332 τὸ
1518 1293 1752 1342 λεπτότερον

224 1364 387 1414 ἱμάτιον,
411 1363 431 1403 ὃ
454 1362 700 1415 προφέρεται.

287 1444 308 1485 7
314 1443 351 1486 5,
378 1430 562 1485 25—28.
597 1432 814 1483 ἀπόπειραν
834 1429 910 1487 —]
944 1430 1038 1470 Hoc
1070 1429 1255 1470 scholion
1285 1429 1330 1469 in.
1355 1430 1395 1469 A
1421 1428 1577 1483 legitur
1602 1427 1645 1468 in
1672 1427 1752 1468 fine

222 1501 369 1543 scholii
390 1501 440 1540 ad
462 1515 503 1541 v.
529 1513 583 1552 74
602 1504 696 1553 post
720 1499 1010 1550 καθεζομένους.

282 1583 347 1623 77,
371 1582 410 1621 4.
443 1569 543 1609 Non
565 1583 667 1622 opus
688 1571 751 1608 est
775 1571 820 1607 ut
844 1569 968 1608 εἰπεῖν
992 1581 1041 1607 ex
1063 1566 1169 1607 Ven.
1192 1567 1228 1606 Β
1250 1566 1438 1606 addabur.

282 1639 348 1691 78.
380 1637 529 1677 Altera
549 1636 600 1677 ad
624 1651 662 1676 v.
687 1636 739 1676 28
762 1634 978 1676 annotatio
1002 1634 1213 1675 referenda
1234 1635 1285 1675 ad
1307 1635 1380 1675 lin.
1404 1647 1471 1689 30.

282 1708 348 1757 80,
377 1720 440 1761 13.
473 1706 533 1746 καὶ
555 1704 757 1745 deleatur.

282 1775 347 1826 84,
373 1788 439 1817 21.
473 1774 765 1815 καταπεσόντος
797 1774 838 1813 δὲ
865 1775 932 1813 τοῦ
959 1773 1096 1815 παιδὸς
1117 1772 1160 1813 τὸ
1180 1774 1435 1824 ὑποκείμενον
1456 1773 1631 1826 πέλαγος
1651 1771 1755 1812 Ἰκά-

219 1862 304 1897 ριον
325 1840 624 1898 μετωνομάσθη]
649 1842 765 1882 Ante
785 1841 829 1882 τὸ
854 1842 1109 1892 ὑποκείμενον
1140 1842 1312 1894 πέλαγος
1334 1842 1558 1882 Roemerus
1579 1841 1623 1881 in
1644 1841 1686 1881 V
1687 1855 1752 1882 en.

221 1915 260 1953 A
284 1915 338 1955 εἰς
357 1911 443 1966 legi
467 1911 541 1961 ai‘c,
563 1910 672 1964 quod
693 1924 826 1964 neque
848 1910 899 1949 ab
923 1910 1080 1950 Cobeto
1102 1924 1233 1964 neque
1255 1925 1278 1950 a
1300 1910 1354 1950 D.
1377 1910 1427 1950 B.
1450 1909 1604 1951 Monro
1624 1924 1753 1950 anno-

222 1985 361 2022 tatum
394 1984 456 2021 esf:
484 1993 615 2033 neque
647 1979 756 2032 apud
788 1977 1067 2018 Villoisonum
1093 1977 1262 2032 legitur,
1296 1978 1404 2032 apud
1437 1992 1561 2032 quem
1593 1991 1755 2019 comma

222 2054 316 2104 pos‘c
351 2048 488 2090 παιδὸς
523 2048 707 2101 positum
748 2050 822 2096 est,
861 2060 991 2100 neque
1032 2047 1076 2086 in
1113 2045 1279 2086 scholiis
1315 2046 1544 2087 minoribus
1584 2045 1752 2099 legitur.

223 2116 398 2159 Accedit
429 2116 602 2157 adhaec
633 2116 739 2169 quod
762 2115 901 2168 paullo
933 2118 1030 2155 ante
1056 2114 1218 2154 dixerat
1245 2114 1464 2155 scholiasta
1492 2117 1560 2154 τοῦ
1591 2114 1755 2165 Ἰκαρίου

224 2185 419 2237 πελάγους
443 2184 679 2235 κεκλημένου
702 2185 823 2225 οὕτως
852 2182 927 2223 ἀπὸ
954 2182 1111 2233 Ἰκάρου
1136 2185 1203 2222 τοῦ
1228 2182 1427 2223 Δαιδάλου
1455 2181 1589 2224 παιδὸς
1611 2183 1754 2223 πεσόν-

223 2271 288 2296 τος
321 2255 374 2295 εἷς
396 2252 489 2292 αὐτὸ
513 2253 575 2292 καὶ
606 2250 852 2302 ἀπολομένου
878 2251 1008 2299 οὕτως,
1032 2254 1125 2303 post
1152 2264 1255 2303 quae
1286 2250 1498 2303 aptissime
1526 2253 1755 2303 sequuntur

224 2322 349 2362 verba
373 2321 418 2361 τὸ
449 2321 702 2371 ὑποκείμενον
733 2320 905 2370 πέλαγος
933 2318 1103 2369 Ἰκάριον
1133 2319 1427 2369 μετωνομάσθη,
1451 2319 1560 2372 quod
1591 2317 1756 2371 Ἰκάριον

225 2391 318 2431 αὐτὸ
345 2388 625 2441 μετωνομάσθη
654 2387 793 2441 potius
821 2386 1041 2427 dicendum
1070 2386 1217 2426 fuisset
1244 2387 1277 2426 si
1299 2387 1424 2427 verba
1454 2389 1507 2429 εἷς
1528 2386 1572 2427 τὸ
1600 2386 1755 2427 ὑποκεί-

223 2476 341 2510 μενον
382 2458 552 2510 πέλαγος
593 2471 688 2496 011111
730 2457 1020 2497 καταπεσόντος
1060 2456 1333 2495 const-ruenda
1377 2459 1526 2496 essent.
1607 2454 1755 2509 Itaque

223 2541 352 2580 paene
391 2525 574 2579 suspicor
613 2527 860 2565 annotassum
901 2524 952 2563 ab
987 2523 1188 2563 Roemero
1226 2526 1278 2566 εἰς
1317 2524 1367 2563 ad
1405 2523 1530 2564 verba
1566 2523 1754 2577 proxima

224 2595 430 2649 pertinere
450 2593 522 2634 ubi
545 2593 760 2634 Bekkerus
781 2607 831 2632 ex
853 2591 1018 2632 scholiis
1048 2591 1277 2631 minoribus
1309 2591 1526 2645 scripserat
1556 2593 1660 2643 ἥκων
1694 2591 1754 2632 ἐπ’

225 2662 472 2713 ἀναζήτησιν,
505 2662 576 2702 ubi
612 2661 655 2701 in
686 2660 823 2701 codiee
854 2664 896 2700 eb
925 2661 1034 2714 apud
1063 2659 1103 2699 V
1106 2660 1343 2700 illoisouum
1375 2659 1532 2713 legitur
1562 2661 1668 2711 ἥκων
1701 2662 1754 2703 εἰς

227 2731 523 2781 ἐπαναζήτησιν,
567 2730 674 2784 quod
716 2744 794 2783 ego
839 2728 1014 2777 restibui‚
1057 2727 1136 2768 etsi
1177 2727 1490 2782 praeferendum
1527 2743 1611 2769 osse
1653 2731 1753 2782 puto

226 2801 328 2850 ἥκων
359 2798 418 2840 ἐπ’
451 2797 699 2849 ἀναζήτησιν,
724 2812 852 2851 quum
883 2801 1120 2850 suspectum
1152 2797 1207 2837 sit
1239 2797 1484 2838 vocabulum
1515 2796 1752 2847 ἐπαναζήτη-

227 2885 303 2915 σιν,
327 2866 437 2920 quod
459 2881 664 2920 nusquam
685 2866 785 2906 alibi
807 2865 975 2920 legitur.

286 2936 351 2987 87,
379 2948 443 2987 29.
478 2934 663 2975 Dclcnda
700 2935 776 2974 1100
813 2934 899 2975 1000
937 2933 1060 2974 verba
1098 2937 1195 2975 καθὸ.
1238 2934 1298 2974 καὶ
1335 2935 1412 2975 ἅνω
1450 2934 1565 2987 χωρὶς
1605 2936 1673 2974 τοῦ
1714 2927 1755 2973 δῖ
