1959 3319
819 127 1129 169 ADDENDA.
1649 131 1733 170 407

206 230 492 285 quaestionem
523 231 661 272 neseio
683 231 776 285 quis
797 231 984 281 dicendo,
1008 234 1067 272 ὅτι
1089 233 1134 272 οὐ
1155 231 1364 285 χρωμένων
1385 236 1464 275 τοῖς
1486 231 1620 284 ξίφεσι
1641 232 1735 284 πρὸς

207 300 277 351 τὴν
295 301 427 353 μάχην
446 300 613 353 χαμάδις
634 300 866 341 ἔπιπτον-.
928 300 1100 341 Blonuit
1121 300 1303 341 Cobetus
1324 301 1351 341 l.
1374 315 1408 342 o.
1430 316 1469 354 p.
1496 300 1591 343 282.

267 368 334 422 89,
361 382 424 423 13.
457 370 478 408 ὅ
508 383 588 409 om.
620 369 672 410 A.
705 369 805 409 Post
837 368 1032 422 ἀνάλογον
1062 369 1261 410 excidisse
1291 370 1400 423 quod
1432 372 1495 410 est
1525 369 1568 409 in
1599 369 1652 417 A,
1682 369 1734 423 τῷ

209 437 316 490 φέρε,
338 436 427 477 dixi
449 437 529 478 vol.
556 451 578 479 2
601 453 641 491 p.
665 451 763 492 390.

266 519 335 561 93,
367 507 431 547 16.
463 507 658 558 λεμοτμής
699 521 783 547 non
825 506 1025 547 debebam
1066 506 1111 546 in
1155 506 1387 559 φλεβοτμής
1433 510 1594 548 mutare
1640 520 1734 546 oum

207 574 414 616 Bekkero.
437 575 653 627 λαιμοτμής
674 579 783 616 reete
807 575 989 616 Cobetus
1009 575 1037 616 1.
1060 589 1093 615 o.
1117 590 1156 628 p.
1182 576 1276 629 283.

267 656 334 698 93,
360 656 426 697 29.
458 642 736 701 ἐστράτευσεν]
767 643 1074 695 ἐπεστράτευσεν
1095 646 1203 683 reete
1225 644 1277 684 A.

271 725 363 761 101,
392 725 456 754 12.
487 712 608 753 Adde
630 712 815 753 scholion
837 711 1179 765 intermarginale
1211 715 1453 766 corruptum
1479 713 1586 765 quod
1609 715 1673 752 est
1694 711 1737 751 in

209 780 249 820 A
271 781 422 832 ὡραίων
442 782 571 832 πιθηῖἐ,
595 782 703 835 quod
725 784 787 821 est
808 784 989 831 πιθηκῶν.

273 863 365 904 109,
390 849 426 889 6.
462 852 507 890 τὰ
529 846 904 905 σύνθετα-Ἴωσιν]
923 851 970 888 τὰ
987 849 1155 888 σύνθετα
1175 847 1470 899 μεταλαμβάνει
1488 849 1559 899 τὴν
1576 847 1739 897 αὔξησιν

209 920 314 968 παρὰ
343 918 395 972 τῷ
427 918 579 973 ποιητῇ,
607 916 696 957 ἀλλ’
723 916 949 967 ἀποβάλλει
979 917 1030 958 ὡς
1061 918 1164 967 παρὰ
1195 919 1274 958 τοῖς
1289 916 1428 957 Ἴωσιν
1459 916 1522 958 M.
1549 915 1738 956 Schmid-

209 985 307 1026 tius.

272 1066 364 1102 110,
392 1054 455 1096 16.
488 1054 724 1105 ἐζωσμένους
749 1052 984 1110 Bekkorus]
1011 1053 1228 1104 ἐζωσμένας
1249 1053 1300 1092 Α.

273 1134 365 1172 121,
392 1135 456 1176 19.
491 1122 618 1163 Recte
641 1122 824 1162 Cobotus
845 1122 1175 1172 παρεξεδέξαντοε
1208 1136 1246 1161 ν.
1270 1121 1351 1162 vol.
1376 1134 1399 1162 2
1423 1137 1462 1176 p.
1487 1134 1582 1177 390.

273 1205 365 1246 133,
389 1205 428 1246 9.
460 1192 536 1244 γὰρ
558 1189 793 1247 Bekkerus]
818 1193 858 1231 δὲ
882 1191 920 1230 A
942 1194 1064 1231 recte.

273 1272 368 1315 143,
393 1272 460 1301 21.
493 1261 626 1311 ἀμύνει
650 1259 885 1312 Bekkerus]
908 1260 1045 1310 ἀμύνοι
1067 1259 1118 1299 A.

273 1328 364 1383 163,
390 1341 456 1383 34.
490 1330 585 1368 κατὰ
608 1325 780 1384 Δώριον]
806 1328 934 1368 Recte
956 1328 1123 1379 ἄκρατον
1142 1328 1296 1379 Δώριον
1314 1326 1598 1368 Schmidtius:
1631 1325 1741 1382 quod

211 1411 289 1452 ego
320 1397 407 1450 ipse
439 1395 602 1437 restitui
634 1396 713 1437 vol.
752 1410 767 1436 1
805 1412 844 1450 p.
880 1406 976 1451 237,
1012 1396 1034 1435 8
1067 1396 1110 1435 in
1150 1395 1367 1436 Addendis
1397 1396 1478 1437 vol.
1514 1410 1536 1439 2
1569 1412 1608 1451 p.
1643 1397 1739 1451 387.

212 1465 450 1519 legiturque
470 1466 551 1506 vol.
579 1478 594 1505 1
623 1481 662 1519 p.
688 1465 783 1514 288,
812 1477 874 1506 12.

275 1547 288 1574 1
303 1544 370 1589 73,
395 1534 432 1575 8.
465 1538 533 1575 τοῦ
560 1536 705 1585 κόσμου
727 1531 789 1590 τὸ]
814 1534 858 1573 τὸ
880 1536 946 1574 τοῦ
969 1534 1114 1584 κόσμου
1135 1534 1188 1574 A.

273 1615 370 1653 204,
393 1612 432 1655 5.
465 1603 696 1652 συνίστησιν
718 1606 780 1642 est
802 1602 846 1642 in
868 1603 918 1651 A,
942 1603 1178 1653 παρίστησιν
1200 1601 1428 1643 Bekkerus.

274 1681 367 1725 205,
396 1671 459 1711 18.
491 1670 681 1723 παράλιος
701 1685 774 1724 pro
797 1670 972 1722 πάραλος
994 1670 1139 1724 scripsi
1161 1685 1211 1711 ex
1233 1671 1398 1712 scholiis
1420 1671 1663 1713 minoribus.

275 1740 368 1791 206,
395 1753 459 1780 ΙΙ.
491 1737 724 1796 πορεύομαι]
750 1740 989 1791 πορεύσομαι
1013 1739 1223 1781 LehrsiuS.

274 1821 368 1862 229,
396 1808 460 1850 26.
492 1807 643 1848 Versui
677 1818 761 1861 550
795 1807 1052 1861 adscriptum
1086 1808 1129 1847 in
1161 1809 1201 1848 A
1235 1808 1279 1848 in
1315 1823 1450 1859 marg.
1488 1809 1684 1850 interiore
1723 1810 1743 1849 ὁ

215 1878 359 1929 ἀγίνωρ
381 1876 474 1932 (sie)
497 1880 539 1916 et
561 1875 695 1917 versui
717 1886 796 1930 551
824 1877 1020 1927 ἐμερίμ.να.
1080 1876 1274 1917 Alterum
1296 1877 1503 1931 glossema
1533 1882 1596 1918 est
1628 1878 1743 1918 vorbi

216 1946 402 1996 πόρφυρε,
440 1947 554 1998 prius
595 1945 654 1985 sie
696 1944 1068 1998 redintegrandum
1099 1944 1264 1985 videtur
1296 1947 1316 1985 ὁ
1347 1946 1501 1999 ἀγήνωρ
1533 1948 1662 1998 θυμός,
1696 1950 1744 1987 ut

215 2014 315 2054 alibi
337 2029 419 2055 non
441 2029 531 2055 raro
555 2015 685 2065 κραδίη
709 2015 770 2054 καὶ
792 2014 909 2064 θυμὸς
931 2015 1085 2066 ἀγήνωρ
1107 2013 1276 2068 legitur.

274 2095 367 2138 230,
397 2096 430 2124 1.
464 2083 516 2122 In
538 2083 577 2122 A
599 2083 642 2123 in
671 2097 791 2135 marg
820 2082 1016 2123 interiore
1045 2083 1093 2124 αἶ)
1125 2083 1183 2135 άρ,
1217 2083 1243 2123 i.
1263 2098 1297 2124 o.
1330 2085 1415 2124 ἀντὶ
1447 2087 1513 2124 τοῦ
1544 2085 1628 2136 ἆρα.
1692 2084 1744 2124 In

215 2151 482 2193 annotatione
503 2151 554 2191 ad
576 2151 649 2191 lin.
675 2164 713 2201 2,
735 2166 809 2205 pro
831 2156 857 2174 “
875 2163 957 2205 230
971 2150 991 2166 ”
1011 2152 1172 2205 corrige
1196 2158 1217 2174 ‘⁴
1235 2151 1357 2207 236.”

164 2213 167 2215 ’
275 2234 370 2276 233,
394 2234 432 2274 9.
466 2219 666 2261 Deleatur
688 2220 915 2271 σημείωσαι,
939 2234 987 2260 ex
1010 2220 1165 2261 scholio
1188 2236 1321 2275 marg.
1345 2224 1474 2263 exter.
1498 2221 1674 2262 illatum.

275 2302 372 2345 243,
397 2301 463 2342 29.
496 2291 609 2341 σίραι
640 2303 724 2329 non
755 2287 931 2329 debebat
962 2288 1104 2329 inferri
1137 2304 1186 2330 ex
1220 2289 1325 2330 Ven.
1359 2290 1419 2330 B:
1457 2304 1496 2331 v.
1519 2294 1661 2331 annot.
1694 2288 1745 2329 ad

216 2358 298 2399 vol.
320 2371 344 2407 4
369 2372 408 2410 p.
433 2369 528 2410 299.

279 2425 373 2477 246,
396 2438 433 2475 4.
465 2422 678 2481 μαφόριον]
706 2425 802 2466 Vid.
829 2426 880 2466 ad
903 2426 980 2468 vol.
1002 2440 1030 2477 4
1052 2442 1091 2480 p.
1116 2438 1211 2480 302,
1238 2427 1303 2468 26.

277 2506 372 2547 249,
397 2505 442 2535 21
456 2525 464 2534 .
497 2494 556 2533 ὅτι
578 2493 723 2547 scripsi
744 2509 816 2548 pro
840 2496 907 2535 ἔτι.

278 2575 373 2616 249,
398 2573 464 2614 27.
497 2561 515 2581 *
530 2560 718 2619 τέθεικεν]
742 2563 878 2613 ἔθηκεν
899 2564 951 2603 A.

280 2639 373 2683 254,
397 2643 434 2671 2.
466 2630 586 2670 Adde
615 2645 666 2670 ex
693 2631 734 2671 A
759 2641 836 2684 157
866 2632 1072 2672 πείσονται
1102 2632 1283 2682 μύθοισι;
1317 2632 1375 2671 ὅτι
1406 2631 1502 2683 πρὸς
1532 2630 1576 2670 τὸ
1608 2630 1747 2682 νοητὸν

221 2699 450 2749 ἀπήντηκεν,
473 2700 493 2738 ὁ
514 2697 610 2741 λαὸς
631 2700 847 2740 πείσονται.

281 2768 377 2820 269,
402 2779 468 2809 21.
502 2765 786 2824 ἀγνοήσαντες]
810 2784 911 2811 τινες
931 2771 1040 2808 reete
1069 2766 1187 2808 addit
1218 2767 1401 2808 Cobet-us
1432 2766 1593 2807 Mnem.
1616 2781 1746 2808 novae

220 2835 303 2877 vol.
325 2849 354 2886 4
377 2850 419 2889 p.
443 2834 538 2886 284.

282 2914 378 2956 270,
402 2916 469 2945 21.
502 2902 695 2960 συνήθως]
719 2904 891 2960 Corrige
913 2905 1117 2956 ἀσυνήθως
1139 2920 1234 2945 (sum
1257 2904 1415 2945 Cobeto
1437 2904 1462 2945 l.
1489 2919 1524 2945 c.
1547 2919 1587 2958 p.
1613 2917 1707 2960 243.

283 2972 377 3022 286,
405 2985 439 3013 1.
472 2971 574 3013 Delo
596 2971 849 3014 asteriscum.
