1959 3319
788 162 1096 203 ADDENDA.
1619 160 1703 199 403

235 276 330 319 213,
356 275 422 316 27.
455 265 604 317 ὤφειλε
635 263 677 304 δὲ
709 265 896 306 ἐκτείνειν
926 265 969 304 τὸ
999 265 1035 317 i]
1068 264 1183 304 Haec
1214 278 1262 303 ex
1294 261 1382 303 cod.
1415 260 1528 314 Lips.
1554 260 1703 300 intulit

176 332 418 374 Bekkerus:
449 347 529 373 om.
551 333 603 372 A.

234 400 328 450 228,
353 414 392 455 3.
415 400 729 458 ἀπογνόντες-]
756 401 878 442 Quod
900 402 944 442 in
964 402 1004 441 A
1025 405 1088 441 est
1109 404 1383 442 ταπεινοῦντος
1405 399 1449 438 in
1472 399 1704 439 ἀπειπόντος

281 469 291 482 ³
346 472 364 481 Α
421 470 439 479 n
496 471 506 484 ‚

175 536 401 578 Leutschio
423 538 473 578 de
494 537 670 578 Arsenio
694 538 772 579 IV.
795 553 834 592 p.
860 538 897 578 8.

233 604 328 655 228,
354 605 391 646 8.
426 604 552 662 ἑλεῖν]
578 606 670 661 ἕλῃς
691 610 800 647 recte
820 607 872 646 A.

234 686 328 729 231,
355 685 392 726 7.
422 674 595 728 Corrige
637 688 855 715 numerum
905 687 983 729 123
1026 689 1098 728 pro
1146 673 1224 715 128
1277 673 1459 726 positum
1510 676 1552 712 eb
1602 672 1705 712 adde

175 743 430 783 asteriscum.

235 824 332 866 234,
357 812 397 852 6.
430 809 550 868 αὐτῷ]
576 811 703 852 Recte
725 813 818 868 αὐτῇ
840 813 892 852 Α.

237 891 330 935 235,
358 892 422 922 12.
454 879 666 920 Adiectivi
689 880 921 931 εὐεπίφορος
943 879 1131 933 exempla
1152 879 1323 932 collegit
1345 879 1526 920 Cobetus
1542 877 1704 918 Mnem.

174 961 304 989 novae
325 947 406 988 vol.
429 961 458 997 4
478 962 517 1000 p.
543 957 639 999 277.

235 1016 332 1071 236,
354 1030 394 1066 4.
426 1013 758 1072 παρετυμολογεῖ]
793 1020 1166 1068 παρετυμολογεῖται
1198 1016 1341 1070 Etym.
1374 1016 1437 1056 M.
1469 1030 1508 1068 p.
1542 1015 1608 1063 62,
1640 1025 1706 1067 25.

174 1085 246 1126 ubi
268 1089 360 1139 post
382 1084 533 1135 πλάνης
558 1083 677 1138 plura¹
708 1083 919 1125 adduntur
940 1083 1113 1125 fortasse
1145 1084 1243 1124 olim
1276 1084 1381 1125 lecta
1404 1084 1447 1123 in
1469 1082 1635 1124 scholiis
1656 1083 1706 1122 ad

172 1154 284 1194 hunc
306 1153 454 1193 locum.

234 1233 330 1277 237,
358 1235 420 1276 13.
448 1234 510 1271 14.
547 1221 639 1261 Hoc
671 1221 853 1262 scholion
887 1221 928 1261 in
962 1221 1152 1275 margine
1180 1221 1375 1261 interiore
1399 1220 1612 1274 repetitur,
1637 1220 1706 1259 sed

175 1290 263 1331 sine
285 1289 495 1330 lemmate.

235 1371 330 1409 242,
358 1371 422 1400 12.
455 1357 892 1415 πιθανῶς-αἰσχύνην]
948 1358 1177 1399 Deleantur
1229 1359 1352 1398 verba
1405 1372 1455 1398 ex
1505 1357 1545 1396 V
1548 1372 1612 1398 en.
1670 1357 1705 1396 B

174 1427 304 1468 illata.

235 1508 330 1547 244,
355 1509 393 1550 3.
428 1493 633 1552 Γράνικος]
674 1495 913 1547 Ἀδράμυτος
955 1496 1140 1550 Lennep.
1178 1496 1320 1536 Anim.
1361 1495 1412 1536 ad
1454 1494 1623 1536 Coluth.
1666 1509 1705 1548 p.

180 1578 273 1615 144.
1624 1617 1638 1625 ἢ

235 1632 332 1683 248,
356 1646 395 1687 9.
430 1633 482 1673 In
520 1647 652 1686 marg.
691 1636 818 1674 exter.
856 1634 897 1673 A
933 1633 1139 1674 inutiliter
1175 1632 1364 1673 additum
1406 1634 1465 1672 ὅτι
1503 1633 1564 1674 καὶ
1600 1622 1654 1675 εἷς
1689 1636 1709 1673 ὁ

176 1700 443 1758 (263—268)
468 1695 539 1743 κεῖε
562 1701 607 1757 (i.
625 1716 657 1743 e.
682 1702 833 1758 κεῖται).

235 1770 332 1821 248,
357 1782 423 1823 29.
456 1768 643 1826 κρητῆρα]
668 1773 834 1822 κρατῆρα
857 1775 966 1811 reete
988 1772 1039 1811 A.

237 1848 331 1892 250,
358 1848 423 1891 17.
457 1836 658 1895 Βοιωτοῖς]
685 1840 882 1882 Βοιωτίοις
903 1843 1012 1881 recte
1034 1841 1085 1880 A.

235 1917 330 1960 251,
355 1919 422 1950 22.
456 1906 691 1947 Delendum
723 1908 794 1956 ὅτι,
818 1908 926 1961 quod
958 1924 1041 1949 non
1072 1908 1229 1963 legitur
1259 1909 1336 1950 1100
1368 1908 1454 1949 1000
1486 1908 1530 1948 in
1562 1908 1613 1957 A,
1637 1907 1706 1948 scd

177 1975 334 2030 legitur
364 1975 408 2015 in
439 1975 627 2029 margine
658 1975 853 2017 interiore
890 1979 948 2017 ὅτι
983 1979 1214 2029 Ζηνόδοτος,
1250 1977 1322 2018 ubi
1358 1982 1453 2031 post
1490 1978 1707 2028 Ζηνόδοτος

175 2043 368 2085 librarius
389 2043 545 2085 oblitus
565 2048 628 2084 est
649 2043 797 2085 addere
821 2046 1063 2087 ἀθανάτοισι.

236 2122 332 2168 253,
356 2126 422 2169 33.
457 2111 778 2170 κατοπτεύσασα]
804 2116 1105 2156 καταπτεύσασα
1127 2116 1180 2156 Α.

234 2190 331 2234 254,
355 2195 393 2237 3.
426 2182 630 2232 *ἔπεμπεν
652 2183 672 2222 ὁ
689 2180 891 2239 Ἀθαμας]
917 2184 1089 2234 ἔπεμπον
1110 2186 1147 2224 οἱ
1166 2183 1371 2234 Ἀθηναῖοι
1394 2185 1444 2226 A.

236 2259 333 2303 254,
357 2262 426 2293 21.
457 2248 699 2307 γενομένων]
724 2252 980 2303 γεννωμένων
1002 2256 1110 2293 recte
1131 2253 1185 2294 A.

236 2327 332 2373 255,
356 2329 396 2373 5.
428 2317 568 2358 Verba
588 2318 829 2372 Epicharmi
851 2322 872 2360 ὅ
892 2337 952 2361 τοι
973 2321 1088 2363 κακὸς
1110 2324 1245 2374 θαρρεῖ
1261 2320 1352 2372 μάλ’
1377 2321 1554 2371 αὐτόθεν,
1573 2321 1708 2363 ἔπειτα

178 2388 316 2440 φεύγει
346 2387 398 2427 ab
429 2386 594 2427 nemine
628 2386 897 2442 probabiliter
927 2389 1147 2430 emendata
1181 2393 1292 2430 sunt.
1356 2389 1597 2430 Novissima
1628 2389 1705 2430 Th.

179 2454 417 2509 Gomperzii
445 2455 681 2496 coniectura
709 2459 771 2497 esi:
802 2456 1171 2513 (διίειιηρςόενὶοἰιίθ
1201 2460 1269 2499 cler
1299 2458 1471 2498 Kaiserl.
1495 2458 1708 2498 Akaclemie

177 2524 246 2564 der
274 2523 614 2576 Wissenselaqften,
637 2524 1211 2578 Pbilosoplcz‘selc-Historiselee
1231 2526 1385 2575 Klusse,
1412 2526 1492 2567 Bcl.
1517 2526 1582 2581 83,
1606 2527 1708 2581 qut

179 2605 292 2647 34-4
310 2606 352 2645 p·
373 2591 476 2648 570)

351 2661 374 2700 ὅ
396 2678 448 2713 γα
469 2661 585 2704 κακὸς
607 2664 744 2715 θαρρεῖ
760 2662 851 2714 μάλ’
876 2663 1036 2713 ἄποθεν,
1062 2666 1227 2717 ἐγγύθεν
1249 2665 1290 2705 δὲ
1312 2663 1517 2716 φυγγάνει,

178 2727 327 2769 collato
349 2742 470 2769 versu
490 2728 644 2783 tragici
664 2731 864 2785 anonymi
885 2731 1012 2788 (apud
1034 2731 1276 2773 Nauckium
1297 2731 1434 2785 adesp.
1460 2732 1561 2788 372)

491 2797 512 2836 ὅ
533 2813 592 2838 τοι
614 2798 758 2850 θρασὺς
779 2800 876 2852 πρὸς
897 2801 1013 2853 ἔργον
1034 2802 1076 2841 ἐκ
1099 2804 1252 2841 πολλοῦ
1273 2802 1397 2843 κακός.

179 2865 372 2906 Formam
393 2864 586 2906 vitiosam
608 2867 766 2918 ἄποθεν,
788 2884 914 2923 quam
944 2884 1018 2923 pro
1050 2870 1205 2910 ἄπωθεν
1234 2884 1320 2910 non
1349 2884 1441 2910 raro
1472 2869 1707 2912 intulerunss

179 2933 352 2984 librarii,
372 2933 506 2974 forma
527 2934 674 2976 ἄπυθεν
694 2936 746 2976 ab
768 2936 983 2992 Hcsychio
1009 2940 1208 2978 annotata
1239 2937 1404 2978 defendi
1434 2953 1551 2992 posse
1571 2943 1706 2993 putat,

179 3001 259 3041 nisi
281 3002 324 3042 id
349 3001 485 3055 ipsum
507 3002 718 3056 scripserit
747 3005 1033 3058 Epicharmus,
1054 3009 1103 3047 ut
1129 3008 1250 3059 ὄνυμα
1280 3021 1353 3060 pro
1386 3008 1509 3058 ὄνομα
1542 3006 1706 3057 dixerit,

881 3088 907 3114 D
929 3075 954 3114 d
980 3087 1002 3116 2
