1959 3319
213 155 297 194 402
826 145 1135 188 ADDENDA.

216 254 477 309 significatur
501 253 631 304 ζεῦγος
662 250 816 306 ἵπποιν)
849 250 912 290 καὶ
942 250 1071 289 ἵππων
1100 251 1377 297 πληθυντικῶς.
1440 248 1482 286 ἐν
1508 247 1549 287 δὲ
1574 246 1619 299 τῇ
1648 247 1745 286 κατὰ

219 321 485 375 Ἀριστοφάνη
520 321 646 371 μόνως
682 322 829 361 δυϊκῶς.
893 317 1035 357 Vanae
1071 321 1170 356 sunt
1206 315 1380 356 aliorum
1413 314 1671 356 coniecturae
1701 313 1745 353 in

217 390 488 432 annotatione
524 389 575 429 ab
611 402 677 428 me
713 389 977 435 memoratae,
1013 385 1086 439 qui
1125 388 1259 427 δυϊκῶς
1294 399 1439 437 parum
1480 382 1747 437 probabfliter

219 460 262 499 in
287 461 443 500 δοτικῶς
463 456 529 497 vel
553 458 684 498 ἑνικῶς
705 454 859 496 mutari
880 454 1113 496 voluerunt.

282 526 374 579 176,
400 539 422 567 2
428 540 467 581 3,
500 526 543 566 οὐ
567 522 712 581 καλῶς]
737 523 1011 564 Scribendum
1033 523 1100 563 οὐκ
1123 523 1255 564 ἄλλως
1276 536 1370 562 cum
1392 521 1581 562 Lentzio.

284 595 376 644 186,
404 607 467 636 10.
500 595 550 636 ὡς
590 594 705 634 ἔκταν
736 590 832 649 ἐγώ]
869 591 1144 632 Scribendum
1175 604 1271 630 cum
1310 589 1481 630 Lehrsio
1522 591 1572 631 ὡς
1610 594 1634 612 “
1654 590 1753 640 ἔβαν

225 662 344 717 ἐγώ,”
367 662 476 717 quod
497 666 683 702 sumtum
706 664 769 701 est
791 676 841 701 ex
868 658 1082 713 Sophoclis
1104 658 1172 699 Ai.
1197 658 1292 713 368.

287 731 378 780 188,
407 743 471 771 12.
504 733 572 770 τοῦ
592 726 847 785 Τηλεμάχου]
874 729 924 770 ὡς
946 731 1015 768 νῦν
1036 731 1104 767 τοῦ
1125 726 1363 780 Τηλεμάχου
1386 726 1596 767 Lehrsius.

290 801 381 853 189,
413 814 445 840 Ι.
479 796 721 855 συλλαβεῖν]
746 798 875 838 Recte
898 797 1117 847 συλλαβών
1138 796 1189 834 A.

291 881 382 922 192,
411 881 473 922 19.
509 866 677 907 Falsum
708 870 769 906 est
800 865 910 920 quod
937 865 1162 905 Roemerus
1194 865 1237 903 in
1268 878 1439 904 censura
1469 878 1508 916 p.
1531 874 1609 916 451
1643 863 1687 902 in
1718 863 1759 902 A

231 937 436 990 scriptum
459 950 544 976 esse
565 935 625 976 aih
657 936 787 987 κύριον
819 934 862 973 τὸ
893 934 1079 985 δεύτερον.
1115 933 1337 974 ἐπιθετικῶς
1367 933 1432 973 ὅτε
1462 931 1584 984 λέγει.
1645 931 1758 972 Nam

231 1005 387 1059 legitur
409 1008 456 1044 ut
483 1019 562 1058 ego
593 1003 703 1043 edidi
737 1004 863 1055 κύριον
893 1002 936 1041 τὸ
966 1002 1157 1052 δεύτερον·
1194 1002 1416 1043 ἐπιθετικῶς
1447 1003 1521 1053 γὰρ
1553 1002 1617 1041 ὅτε
1648 1001 1757 1052 φησὶ,

233 1075 470 1127 ταχύπωλον
490 1073 613 1125 λέγει.
1313 1065 1318 1071 ’

298 1155 389 1196 193,
416 1140 453 1180 8.
488 1137 665 1196 εἶαμενή]
700 1138 821 1179 Adde
857 1153 907 1179 ex
942 1139 983 1177 A
1020 1139 1107 1178 ἕσιν
1140 1138 1180 1178 δὲ
1216 1137 1324 1189 λέγει
1359 1137 1431 1188 τὴν
1468 1138 1653 1178 ἀνάδοσιν
1690 1141 1763 1178 τῶν

237 1213 383 1261 φυτῶν.
447 1207 567 1247 Conf.
590 1207 662 1247 lin.
692 1222 720 1257 4
751 1211 793 1247 et
823 1206 1016 1246 Eustath.
1049 1220 1089 1259 p.
1114 1216 1209 1258 501,
1236 1218 1271 1257 7.
1302 1208 1407 1257 παρὰ
1437 1205 1480 1246 τὸ
1513 1206 1563 1246 ἕω
1595 1206 1638 1245 τὸ
1671 1206 1766 1246 ἀνα-

239 1281 386 1329 δίδωμι.

304 1347 396 1400 198,
425 1356 488 1397 15.
522 1347 562 1386 αἱ
593 1342 845 1400 δὲ-σοφόν]
883 1343 1022 1384 Verba
1059 1347 1167 1383 reete
1204 1343 1357 1396 scripta
1392 1342 1502 1397 apud
1538 1341 1768 1383 Pindarum

243 1417 310 1458 Ol.
336 1428 371 1469 7,
396 1430 443 1471 31
473 1418 512 1456 αἱ
534 1416 575 1456 δὲ
597 1418 754 1468 φρενῶν
775 1415 940 1468 ταραχαὶ
962 1412 1244 1466 παρέπλαγξαν
1267 1414 1328 1454 καὶ
1350 1418 1490 1465 σοφόν.

306 1499 397 1540 199,
424 1497 489 1540 23.
521 1486 570 1527 ὡς
606 1484 650 1524 τὸ
681 1483 818 1526 ’Ἃνιος
851 1483 912 1522 καὶ
945 1483 1197 1534 Εὐφορίωνος
1230 1479 1387 1539 Ξένιος]
1425 1481 1651 1523 ᾋΙαώῖθεῒθ
1681 1496 1769 1522 eor-

244 1557 415 1607 rnp‘tum
454 1554 727 1604 Εὐφορίωνοςς
774 1567 870 1592 nam
906 1550 1131 1605 requiritur
1162 1565 1313 1591 nomen
1349 1550 1469 1604 quale
1500 1554 1563 1591 est
1593 1552 1771 1602 Φρόνιος,

245 1623 295 1663 (10
317 1637 397 1676 quo
418 1621 622 1676 cogitavit·
646 1621 958 1661 Schoemannus
988 1620 1032 1659 in
1065 1619 1277 1660 Leutsehii
1309 1619 1584 1673 Ephemeride
1614 1618 1773 1676 (Philo-

248 1691 436 1743 loffl'selcer
471 1690 676 1746 Λαπιθᾶν)
708 1705 743 1731 a.
782 1689 889 1742 1875
927 1704 965 1742 p.
1000 1700 1097 1743 513.
1160 1687 1282 1729 Quod
1324 1702 1474 1728 nomen
1514 1687 1577 1728 bis
1616 1688 1776 1743 legitur

248 1760 358 1814 apud
381 1761 623 1809 Homerum,
647 1759 724 1800 etsi
746 1759 936 1814 genitivo
957 1761 1124 1798 ‘cantum
1147 1772 1254 1798 casu,

310 1842 404 1878 200,
430 1841 496 1881 27.
532 1828 655 1870 Quod
686 1828 731 1868 in
761 1829 801 1868 A
832 1832 893 1868 est
926 1826 1048 1868 οὐκέθ’
1073 1828 1149 1877 ὁμὰ
1180 1826 1412 1878 φρονέοντες
1442 1826 1488 1866 in
1520 1827 1563 1866 οὐ
1597 1825 1679 1867 καθ’
1702 1827 1779 1878 ὁμὰ

251 1898 486 1950 φρονέοντες
507 1901 644 1939 mutat
666 1897 730 1938 M.
754 1895 1026 1938 Schmidtius.

313 1966 408 2016 206,
434 1979 499 2021 29.
527 1968 625 2007 οὕτω
662 1969 734 2019 γὰρ
766 1969 880 2017 δηλοῖ
909 1964 1151 2016 διαιρουμένη
1188 1965 1210 2015 ἡ
1248 1962 1376 2021 λέξις]
1415 1963 1531 2006 Haec
1567 1965 1693 2006 verba
1722 1965 1780 2006 le-

253 2039 413 2090 guntur
441 2035 483 2075 in
515 2035 621 2075 Ven.
655 2035 715 2076 B:
754 2035 804 2075 ab
837 2036 876 2074 A
906 2032 1045 2074 abesse
1075 2033 1177 2074 dicit
1209 2033 1435 2074 Roemerus
1465 2033 1510 2074 in
1541 2048 1711 2075 censura
1741 2050 1780 2088 p.
1819 2069 1822 2072 Α

254 2103 352 2158 451ὶ

317 2185 410 2224 207,
439 2186 502 2223 14.
536 2173 597 2212 καὶ
632 2171 676 2211 τὸ
704 2171 871 2213 Ἀδωνις
907 2171 949 2212 δέ
982 2187 1084 2213 τινες
1118 2171 1328 2210 δασύνουσι
1363 2172 1466 2223 παρὰ
1502 2171 1546 2211 τὸ
1575 2169 1675 2229 ἥδω]
1716 2172 1785 2213 Sic

257 2242 401 2295 scripsi
438 2255 486 2280 ex
523 2240 627 2281 Ven,
665 2240 726 2279 B:
773 2239 817 2279 in
854 2240 894 2279 A
929 2242 992 2278 est
1022 2237 1190 2281 ’Ἄδωνις
1232 2239 1292 2278 καὶ
1335 2242 1446 2279 τοῦτο
1487 2241 1560 2292 γὰρ
1600 2243 1702 2293 παρὰ
1743 2241 1787 2281 τὸ

258 2312 349 2362 ἥδω.

320 2377 417 2428 208,
440 2389 506 2431 23.
540 2377 592 2417 In
614 2377 808 2417 lemmate
834 2379 897 2416 est
928 2376 971 2415 in
1003 2376 1043 2415 A
1075 2377 1150 2428 ἐγὼ
1183 2376 1217 2415 δ’
1241 2377 1370 2416 ἵππων
1401 2376 1656 2428 ἀποβήσομαι
1689 2377 1790 2434 (non

262 2446 527 2497 ἀναβήσομαι,
546 2449 595 2486 ut
612 2459 809 2486 excusum
830 2444 909 2484 vol.
930 2457 951 2485 2
970 2459 1009 2498 p.
1029 2458 1052 2499 3
1058 2454 1082 2497 5
1087 2444 1144 2500 3).
1195 2444 1351 2485 scholii
1372 2459 1468 2486 vero
1489 2445 1614 2485 verba
1630 2445 1791 2487 defecta

264 2516 523 2568 Ἀρίσταρχος
541 2513 796 2565 ἀποβήσομαι
819 2515 859 2554 δὲ
882 2515 1010 2554 ἵππων
1033 2513 1120 2565 ἔφη,
1140 2513 1222 2553 οἷον
1243 2515 1309 2564 τῆς
1331 2517 1407 2554 τῶν
1429 2514 1556 2554 ἵππων
1573 2516 1792 2566 φροντίδος,

265 2584 414 2626 collato
456 2582 612 2623 scholio
663 2580 993 2636 intermarginali
1045 2581 1102 2621 sie
1154 2585 1252 2621 sunt
1302 2580 1635 2636 redintegranda,
1674 2585 1794 2626 οὕτως

267 2654 528 2707 Ἀρίσταρχος
569 2651 824 2703 ἀποβήσομαι
861 2653 923 2692 διὰ
963 2653 1031 2691 τοῦ
1068 2655 1101 2690 ᾶ.
1155 2650 1410 2701 ἀποβήσομαι
1452 2650 1492 2691 δὲ
1533 2652 1662 2692 ἵππων
1703 2651 1792 2704 ἔφη,

269 2724 354 2763 οἶον
378 2724 445 2772 τῆς
470 2724 545 2762 τῶν
571 2722 699 2761 ἵππων
729 2721 946 2772 φροντίδος.
1007 2717 1165 2759 Eodem
1197 2719 1303 2759 redit
1336 2718 1527 2760 Roemeri
1559 2719 1796 2761 coniectura

270 2790 312 2830 in
334 2789 683 2830 commentatione
700 2788 750 2828 de
767 2786 1042 2829 Aristarcheis
1064 2802 1102 2840 p.
1128 2798 1224 2839 247.
1255 2786 1517 2842 Ἀρίσταρχος
1539 2788 1795 2840 ἀποβήσομαι

270 2860 401 2900 ἵππων
423 2859 513 2910 ἔφη,
532 2859 685 2899 οἶον-.
746 2856 897 2898 Verbis
919 2858 982 2897 διὰ
1004 2859 1071 2896 τοῦ
1093 2861 1117 2895 ᾶ
1137 2856 1375 2910 oppositum
1397 2860 1459 2898 est
1481 2857 1589 2911 quod
1608 2855 1797 2911 sequitur

274 2928 527 2978 Ζηνοδότειος
548 2928 589 2967 δὲ
610 2927 633 2977 ἡ
656 2928 718 2967 διὰ
739 2929 805 2966 τοῦ
828 2931 845 2966 ἐ
867 2925 1118 2976 ἐπιβήσομαι.

334 3007 425 3041 211,
457 3008 488 3035 1.
511 2998 552 3035 et
576 3006 669 3045 224,
697 3007 761 3044 24.
788 3003 881 3048 235,
910 3005 972 3033 12.
1005 2994 1166 3044 ἡδιπλῆ
1191 3008 1269 3033 om.
1294 2993 1344 3034 A.
