1959 3319
792 151 1099 192 ADDENDA.
1621 153 1701 192 395

180 257 304 310 ἀρχὴν
337 254 399 297 ἀπ’
434 255 549 296 αὐτοῦ
576 254 829 305 ποιήσασθαι,
865 256 914 298 ὡς
941 255 1002 295 καὶ
1034 256 1054 295 ὁ
1092 254 1238 296 Σολεὺς
1270 251 1459 308 (Aratus)
1492 254 1705 306 ἀρχόμενος

178 326 253 376 ἔφη
276 331 299 348 “
318 327 360 366 ἐκ
383 325 478 366 Διὸς
498 323 778 378 ἀρχώμεσθα.”
839 325 956 365 Idem
989 324 1071 365 fere
1102 324 1151 364 de
1183 323 1409 364 Aristonici
1431 322 1705 363 Praefationis

176 393 414 448 fragmento
441 392 674 442 dicendum,
697 394 817 447 quod,
846 393 1036 448 quamvis
1067 392 1370 441 brevissimum,
1397 395 1538 432 tamen
1569 391 1705 445 ipsum

176 476 338 516 quoque
378 462 458 502 duo
499 461 734 502 istiusmodi
779 461 967 515 exempla
1007 462 1186 514 praebet,
1225 475 1398 514 quorum
1431 460 1606 500 alterum
1643 463 1706 500 est

176 545 216 584 p.
242 542 278 580 2,
306 540 369 582 17,
404 530 475 570 ubi
509 529 558 570 de
595 529 779 571 versibus
814 530 1059 584 quibusdam
1095 529 1303 583 Odysseae
1331 543 1380 568 ex
1409 528 1592 569 oratione
1620 528 1704 582 Cy-

176 597 305 652 clopis
328 598 371 638 in
397 598 588 638 Nestoris
614 598 855 647 orationem,
878 612 1021 651 parum
1055 600 1162 650 apte,
1191 600 1239 636 ut
1270 597 1490 637 videbatur
1521 596 1704 636 Aristar-

176 666 265 717 cho,
288 666 504 707 translatis
536 667 593 707 sic
621 666 765 707 scribit
786 668 837 709 ὡς
859 667 942 719 ἔχει
963 668 1009 706 τὰ
1031 669 1098 706 τοῦ
1121 666 1333 707 Κύκλωπος
1361 670 1429 706 τοῦ
1462 664 1705 716 ἀνημερωτά-

176 751 243 789 ‘rou
263 736 413 787 ῥήματα
433 735 507 776 ὑπὸ
529 738 596 774 τοῦ
618 735 885 775 συνετωτάτου
903 734 1102 784 Νέστορος
1122 735 1319 785 λεγόμενα
1343 733 1437 785 πρὸς
1453 732 1703 785 Τηλέμαχον.

175 803 295 844 Idem
317 803 401 844 fere
421 802 583 843 dixerat
603 802 866 843 Aristonicus
888 802 931 842 in
964 801 1130 842 scholiis
1154 800 1204 841 ad
1228 800 1306 841 Od.
1331 815 1369 855 3.
1400 811 1465 853 71,
1489 802 1558 841 sed
1581 800 1703 841 omis-

176 870 231 911 sis
258 875 324 912 τοῦ
355 871 648 922 ἀνημερωτάτου
671 873 713 910 et
736 873 802 910 τοῦ
828 870 1095 910 συνετωτάτου
1118 868 1315 922 epithetis
1337 869 1703 923 exaggerantibus.

173 939 368 979 Alterum
400 938 635 992 exemplum
669 941 731 978 est
763 953 802 992 p.
830 951 865 987 2,
895 952 929 977 1.
954 937 1023 977 ubi
1057 951 1196 977 versus
1225 938 1276 977 ab
1299 937 1544 978 Aristarcho
1576 938 1705 978 obelis

173 1006 380 1048 confossos
401 1021 495 1048 eum
521 1006 790 1048 cadaveribus
814 1010 1038 1059 comparat,
1063 1006 1132 1046 τὸν
1154 1007 1194 1045 δὲ
1225 1006 1374 1055 ὀβελὸν
1396 1006 1542 1056 ἔλαβεν
1570 1008 1611 1046 ἐκ
1637 1009 1705 1056 τῆς

175 1076 395 1123 Ζηνοδότου
431 1076 682 1127 διορθώσεως.
732 1075 928 1126 παρετίθει
966 1076 1006 1114 δὲ
1046 1073 1163 1114 αὐτὸν
1202 1077 1281 1116 τοῖς
1317 1074 1627 1124 ἐκβαλλομένοις
1663 1076 1704 1114 ἐκ

174 1145 240 1193 τῆς
279 1142 471 1194 ποιήσεως
512 1144 662 1196 στίχοις
706 1143 755 1185 ὡς
788 1146 866 1185 τοῖς
900 1146 1048 1194 νεκροῖς
1081 1146 1155 1182 τῶν
1188 1143 1414 1193 ἀνθρώπων,
1449 1142 1588 1195 qualia
1623 1156 1703 1182 non

174 1210 282 1251 malo
302 1211 345 1251 in
368 1210 658 1251 Aristarchum
679 1211 831 1259 animo,
855 1210 924 1250 sed
948 1210 1184 1250 ioculariter
1206 1210 1359 1263 scripta
1382 1214 1492 1260 sunt,
1511 1211 1706 1264 quemad-

173 1281 342 1321 modum
366 1280 597 1321 Herodieus
621 1280 894 1334 Babylonius,
915 1280 1013 1321 lieet
1035 1280 1122 1334 ipse
1149 1279 1298 1320 studiis
1319 1279 1473 1320 criticis
1502 1283 1543 1320 et
1564 1294 1704 1333 gram-

172 1349 337 1389 maticis
377 1348 541 1389 deditus
582 1353 702 1398 esset,
746 1349 928 1389 minut-as
969 1348 1203 1388 Aristarchi
1245 1348 1411 1401 eiusque
1452 1351 1702 1389 sectatorum

173 1416 432 1470 quaestiones
460 1416 755 1470 grammaticas
776 1416 913 1470 lepido
935 1417 1029 1457 risit
1050 1417 1367 1470 epigrammate,
1390 1417 1498 1470 quod
1521 1417 1704 1458 servavit

171 1484 417 1526 Athenaeus
439 1495 464 1539 5
487 1500 525 1539 p.
551 1497 632 1527 222
655 1500 691 1526 a.

346 1553 524 1606 φεύγετ’,
552 1553 854 1608 Ἀριστάρχειοι,
879 1554 940 1595 ἐπ’
964 1554 1074 1606 εὐρέα
1097 1558 1200 1594 νῶτα
1223 1553 1427 1605 θαλάσσης

402 1620 594 1671 Ἐλλάδα,
618 1626 685 1674 τῆς
709 1622 845 1674 ξουθῆς
868 1625 1083 1674 δειλότεροι
1107 1623 1284 1674 κεμάδος,

346 1692 679 1743 γωνιοβόμβυκες,
703 1693 1016 1742 μονοσύλλαβοι,
1040 1692 1119 1731 οἷσι
1139 1692 1287 1742 μέμηλε

402 1759 446 1799 τὸ
468 1760 566 1811 σφίν
588 1760 649 1799 καὶ
671 1764 801 1811 σφῶιν
823 1762 884 1800 καὶ
906 1760 949 1799 τὸ
969 1760 1035 1810 μίν
1056 1761 1122 1811 ἠδὲ
1143 1760 1186 1800 τὸ
1209 1761 1279 1800 νίν.

346 1826 449 1868 τοῦθ’
471 1829 561 1879 ὑμῖν
584 1831 640 1879 εἵη
663 1829 951 1882 δυσπέμφελον·
993 1828 1187 1883 Ἡροδίκῳ
1210 1830 1251 1869 δὲ

403 1894 552 1939 Ἑλλὰς
573 1897 633 1938 ἀεὶ
654 1898 785 1948 μίμνοι
808 1898 869 1938 καὶ
892 1899 1049 1940 θεόπαις
1071 1898 1277 1948 Βαβυλών.

233 1963 451 2018 Reliquam
472 1964 699 2019 fragmenti
721 1969 882 2018 partem
904 1969 992 2006 tam
1021 1973 1208 2007 accurate
1230 1966 1429 2007 tractavit
1452 1967 1632 2009 Cobetus
1654 1972 1702 2008 ut

173 2047 303 2086 pauca
323 2035 490 2073 tantum
512 2033 699 2074 addenda
720 2048 805 2075 esse
827 2034 988 2075 videam
1007 2052 1014 2075 :

231 2100 334 2155 Pag.
356 2115 390 2151 1,
410 2112 448 2154 7.
481 2106 709 2153 σημειοῦται
731 2104 771 2143 δὲ
790 2101 1083 2160 (Ἀρίσταρχος)
1106 2104 1200 2155 πρὸς
1222 2104 1290 2145 τὸν
1308 2104 1426 2145 αὐτὸν
1443 2104 1701 2161 (Ζηνόδοτον)

173 2170 430 2226 ἀπεριστίκτῳ
462 2171 579 2227 διπλῇ
611 2173 678 2213 τὰς
703 2172 921 2223 ὁμωνυμίας
950 2173 1116 2222 ἁπάσας,
1145 2174 1203 2213 ὅτι
1225 2173 1269 2213 οὐ
1292 2173 1436 2224 νοήσας
1462 2176 1505 2213 τὸ
1526 2177 1704 2215 τοιοῦτον

173 2238 349 2291 ἔγραψεν
370 2239 433 2280 ὁτὲ
454 2241 526 2290 μὲν
549 2239 813 2291 Πυλαιμένεα,
837 2241 901 2281 ὁτὲ
923 2243 965 2282 δὲ
989 2239 1256 2298 Κυλαιμένεα]
1278 2241 1410 2292 Διπλῆ
1434 2243 1703 2294 ἀπερίστικτος

172 2320 244 2360 per
279 2320 321 2346 se
356 2310 544 2360 spectata
579 2307 685 2348 nihil
720 2308 900 2363 amplius
938 2309 1203 2364 significabat
1239 2325 1363 2364 quam
1399 2310 1702 2351 attendendum

174 2387 260 2414 esse
286 2374 338 2414 ad
367 2375 596 2426 ὁμωνυμίας,
620 2376 690 2416 sed
711 2391 839 2430 quum
861 2381 1078 2431 propterea
1099 2378 1307 2431 adscripta
1328 2383 1433 2418 esset
1455 2379 1550 2432 quia
1572 2379 1703 2419 Zeno-

175 2442 297 2482 dotus
329 2443 546 2494 ὁμωνυμίας
578 2443 748 2498 ignarus
778 2446 1028 2499 scripturam
1061 2447 1240 2487 locorum
1271 2447 1532 2500 quorundam
1566 2450 1702 2487 muta—

174 2514 305 2560 verat,
336 2510 386 2551 de
417 2510 567 2564 quibus
597 2511 684 2552 dixi
712 2512 755 2553 in
787 2515 1071 2565 annotatione,
1097 2515 1225 2555 etiam
1254 2518 1423 2568 propter
1444 2514 1702 2556 Zenodotum

175 2577 383 2632 adscripta·
407 2594 493 2620 esse
509 2579 590 2621 diei
606 2584 779 2634 poterat,
795 2583 905 2636 quod
926 2582 1075 2623 clarius
1097 2582 1155 2623 sic
1177 2583 1312 2636 eloqui
1335 2582 1550 2636 potuisset,
1566 2601 1701 2635 σημει-

176 2649 285 2687 οῦται
317 2646 359 2687 δὲ
390 2648 644 2704 ἀπεριστίκτῳ
681 2653 797 2702 διπλῇ
829 2653 896 2694 τὰς
929 2652 1147 2702 ὁμωνυμίας
1178 2651 1344 2693 ἁπάσας·
1396 2652 1419 2702 ἡ
1451 2650 1491 2692 δὲ
1524 2653 1704 2705 ἀναφορὰ

1017 2753 1025 2760 .
1067 2722 1115 2760 ut
1145 2719 1244 2760 alibi
1273 2719 1468 2774 loquitur,
1501 2720 1617 2760 velut
1652 2721 1703 2761 ad

180 2793 245 2836 15,
266 2793 364 2837 405.
386 2783 457 2824 ubi
479 2785 634 2838 pariter
653 2787 887 2841 adscriptae
909 2791 1046 2839 διπλῆς
1079 2788 1353 2840 ἀπεριστίκτου
1384 2788 1489 2829 ratio
1517 2788 1704 2830 redditur

175 2851 311 2891 verbis
340 2852 363 2902 ἡ
390 2851 432 2892 δὲ
464 2854 646 2906 ἀναφορὰ
676 2854 771 2907 πρὸς
802 2858 1021 2907 Ζηνόδοτον
1051 2855 1255 2909 γράφοντα
1284 2854 1340 2912 (6,
1364 2855 1465 2912 511)
1490 2856 1636 2910 “filusp'
1661 2859 1705 2898 ἑὰ

175 2923 298 2972 γοῦνα
329 2919 484 2973 φέρει.”
536 2922 588 2962 ad
623 2936 688 2974 10,
712 2933 778 2977 25.
816 2925 839 2975 ἡ
871 2927 988 2976 διπλῆ
1020 2925 1079 2965 ὅτι

179 2988 408 3037 Ζηνόδοτον.

176 2714 271 2767 πρὸς
302 2717 536 2767 Ζηνόδοτον,
568 2719 627 2758 ὅτι
658 2719 702 2759 οὗ
732 2718 878 2770 νοήσας

1226 2958 1233 2965 .
1276 2925 1298 2976 ἡ
1331 2923 1372 2965 δὲ
1404 2926 1581 2977 ἀναφορὰ
1611 2925 1706 2978 πρὸς
