1959 3319
783 147 1092 189 ADDENDA.
1613 147 1698 185 409

807 330 941 371 VOL.
978 330 1064 370 III.

235 460 302 505 37,
330 459 508 500 14—20.
542 446 739 488 Scholion
756 445 831 487 hoc
852 461 999 486 manus
1016 446 1215 487 secundae
1237 449 1373 487 totum
1396 445 1551 500 legitur
1571 444 1698 486 ctiam

175 518 220 558 in
240 517 403 558 Veneto
424 515 464 556 A
484 515 565 556 vol.
591 529 607 555 1
634 531 674 569 p.
697 529 764 570 3ο,
787 528 942 566 4—10.

234 597 303 637 42,
327 598 366 640 3.
398 585 511 625 Anto
533 584 647 625 ἔπεσι
669 584 823 625 excidit
845 583 1064 624 asbcriscus
1084 584 1112 608 ÷÷
1132 588 1173 624 et
1196 597 1346 623 nomen
1370 584 1610 635 Πορφυρίου.

234 667 303 705 42,
330 653 394 694 18.
426 654 539 694 Ante
560 653 627 694 τὸν
647 657 722 694 τῶν
743 652 978 693 addendum
1001 653 1193 702 δαιμόνων
1215 666 1264 692 cx
1287 652 1336 692 B.

234 735 301 775 42,
326 735 394 778 32.
426 719 637 778 ἐπίφορον]
670 720 945 762 Scribcndum
968 721 1203 772 εὐεπίφορον
1224 735 1317 760 cum
1351 720 1508 760 Cobcto
1541 719 1702 760 Mnem.

177 805 306 832 novae
328 791 408 832 vol.
430 804 458 841 4
478 805 518 844 p.
542 800 638 843 277.
702 790 818 830 Idem
849 804 960 829 error
992 788 1072 829 vol.
1100 802 1116 828 1
1146 803 1185 841 p.
1221 799 1313 843 235,
1352 801 1415 829 12.
1448 788 1518 829 ubi
1550 788 1704 841 pariter

177 860 356 901 correxit
378 859 571 900 Cobetus.
635 859 765 899 Recto
788 872 883 898 vero
906 857 1107 910 scriptum
1129 857 1184 898 ib.
1210 872 1249 910 p.
1272 868 1342 909 47,
1370 870 1433 912 13.

234 942 302 980 44,
325 942 365 983 3.
397 927 450 967 In
471 930 612 967 annoh.
635 924 890 982 φλάλαγγος]
916 925 1089 979 Corrigc
1111 925 1330 978 φάλαγγος.

235 1006 306 1049 47,
324 1009 363 1051 3.
396 996 463 1036 δύο
484 998 558 1047 γὰρ
580 997 718 1047 γενεὰς
739 996 951 1047 πληρώσας
968 996 1021 1037 εἷς
1042 994 1112 1045 τὴν
1132 992 1283 1051 τρίτην]
1311 995 1426 1035 Haec
1446 997 1705 1034 accesserunt.

179 1080 229 1106 ex
248 1064 356 1105 Vcn.
378 1064 442 1104 A:
475 1078 555 1105 orn.
578 1063 685 1104 Ven.
710 1064 758 1104 B.

236 1143 304 1186 47,
328 1147 366 1188 9,
400 1130 464 1189 ἐξ]
487 1133 532 1189 τῇ
557 1132 602 1184 ἐξ
622 1136 729 1173 recte
751 1133 800 1173 B.

236 1212 304 1254 47,
332 1212 395 1255 15.
429 1202 548 1242 Adde
569 1201 879 1242 annotationem
907 1204 924 1224 *
940 1200 1173 1259 περιοδικαὶ]
1198 1203 1412 1253 παροδικαί.

238 1279 306 1322 50,
331 1270 512 1324 25—28.
545 1270 703 1311 Eadem
745 1270 827 1311 fcrc
867 1270 1066 1325 leguntur
1096 1270 1140 1310 in
1171 1270 1279 1311 Vcn.
1313 1271 1347 1309 A
1387 1270 1468 1311 vol.
1507 1284 1521 1310 1
1559 1286 1598 1324 p.
1636 1283 1706 1321 42,

186 1339 363 1394 13-16,
426 1339 645 1393 Porphyrii
668 1353 753 1379 csse
774 1339 969 1380 discimus
990 1354 1039 1379 cx
1064 1339 1151 1380 cod.
1186 1340 1296 1381 Scor.
1319 1339 1389 1392 qui
1421 1339 1496 1379 hoc
1526 1338 1708 1380 scholion

181 1408 377 1458 servavit,
401 1409 630 1460 Πορφυρίου
651 1410 706 1451 εἷς
731 1408 774 1448 τὸ
798 1413 820 1429 “
835 1409 924 1449 ἀλλ’
947 1408 1000 1449 ὅδ’
1025 1409 1121 1461 ἀνὴρ
1144 1409 1271 1449 ἐθέλει
1298 1409 1382 1460 περὶ
1411 1407 1567 1449 πάντων
1596 1409 1709 1459 ἔμμε-

182 1493 245 1518 ναι
260 1475 282 1492 ”
305 1476 366 1517 καὶ
388 1478 435 1516 τὰ
458 1477 544 1527 ἑξῆς
563 1476 678 1530 μέχρι
708 1480 776 1517 τοῦ
800 1482 821 1498 “
838 1480 933 1517 πᾶσι
966 1479 1005 1518 δὲ
1038 1476 1283 1528 σημαίνειν.”
1344 1477 1386 1517 τὸ
1418 1475 1610 1519 πολλάκις
1636 1476 1709 1526 τὴν

183 1545 303 1595 αὐτὴν
325 1545 569 1586 ἆνακυκλοῦν
590 1545 762 1586 διάνοιαν
782 1548 1131 1598 χαρακτηριστικόν
1160 1547 1267 1586 ἐστιν
1298 1547 1427 1598 ὀργῆς·
1461 1545 1519 1585 διὸ
1553 1545 1614 1585 καὶ
1648 1546 1710 1585 ἐπὶ

183 1616 251 1654 τοῦ
279 1612 499 1666 Ἀχιλλέως
531 1614 778 1666 ὀργιζομένου
809 1615 852 1654 τὸ
883 1614 976 1655 αὐτὸ
1013 1617 1235 1663 πεποίηκεν·
1281 1619 1302 1636 “
1319 1615 1504 1655 ἄλλοισιν
1530 1615 1575 1664 δὴ
1603 1613 1708 1653 ταῦτ’

185 1682 405 1722 ἐπιτέλλεο·
437 1682 489 1732 μὴ
521 1684 595 1735 γὰρ
627 1683 757 1735 ἔμοιγε
789 1683 956 1734 σήμαιν’·
1003 1684 1046 1723 οὐ
1077 1686 1150 1736 γὰρ
1183 1684 1306 1735 ἔγωγε
1338 1684 1377 1724 τί
1405 1700 1468 1723 σοι
1500 1685 1710 1724 πείσεσθαι

184 1749 293 1791 ὀΐω.”
353 1752 389 1791 οἱ
409 1753 482 1803 γὰρ
504 1753 545 1792 ἐν
566 1752 676 1807 ὀργῇ,
701 1751 772 1793 κᾶν
793 1752 984 1795 πολλάκις
1006 1753 1148 1793 εἴπωσί
1165 1769 1212 1801 τι,
1237 1752 1342 1792 οὔπω
1369 1755 1549 1792 δοκοῦσιν
1573 1754 1711 1794 ἱκανῶς

155 1813 158 1815 ’
185 1818 386 1871 εἰρηκέναι.

243 1896 312 1939 51,
336 1900 519 1943 20—23.
552 1890 680 1941 ἵναμὴ
698 1890 1132 1946 νομισθῇ-δεὸωκέναι
1148 1894 1190 1930 et
1207 1900 1274 1943 52,
1295 1890 1448 1931 8-16.
1480 1890 1530 1941 μὴ
1549 1890 1714 1941 ἀκρατὴς

185 1955 290 1996 -δι’
329 1955 551 2013 ἀνανδρίας]
593 1957 707 1998 Haec
738 1973 761 1998 a
792 1959 926 2012 prima
962 1973 1102 2009 manu,
1135 1958 1286 1999 litteris
1323 1959 1471 2013 quibus
1509 1958 1572 1999 uti
1609 1957 1712 1999 solet

186 2024 414 2066 maioribus
435 2025 587 2079 scripta
609 2040 692 2067 esse
714 2026 757 2067 in
780 2027 860 2068 fine
882 2026 969 2067 folii
992 2040 1007 2067 1
1022 2041 1037 2067 1
1051 2042 1075 2067 a
1094 2028 1138 2067 in
1160 2027 1429 2068 annotatione
1451 2027 1551 2068 dixi.
1613 2027 1714 2067 Post

186 2093 312 2134 verba
336 2092 423 2149 (51,
448 2092 519 2149 23)
552 2096 798 2151 στερουμένῳ
827 2099 890 2147 τῆς
921 2100 1074 2149 δωρεᾶς,
1096 2098 1158 2138 καὶ
1189 2096 1284 2149 πρὸς
1314 2098 1357 2137 τὸ
1388 2097 1440 2148 μὴ
1472 2100 1598 2138 δοκεῖν
1628 2099 1712 2152 βίᾳ,

188 2160 277 2203 ἀλλ’
306 2163 511 2214 ἐθελοντὴς
542 2164 746 2206 δεδωκέναι
777 2180 858 2206 non
890 2166 1058 2220 plenum
1088 2180 1251 2206 vorsum
1283 2164 1503 2206 efficientia
1533 2165 1715 2220 syllabae

188 2231 346 2285 aliquot]
361 2245 496 2272 erasae
517 2236 633 2273 sunt:
656 2247 706 2274 ex
727 2249 806 2288 quo
831 2234 1017 2276 Hillcrus
1038 2234 1082 2275 in
1104 2234 1359 2279 Fleckeiseni
1375 2235 1530 2278 Annal.
1547 2250 1584 2277 a.
1604 2249 1619 2275 1
1632 2235 1712 2275 868

188 2314 228 2353 p.
263 2299 358 2355 803.
389 2300 514 2341 verba
544 2300 603 2341 sic
633 2301 716 2342 fere
746 2302 870 2344 fuisse
901 2303 1145 2345 continuata
1176 2303 1352 2345 coniecit
1383 2303 1476 2345 ἀλλ’
1511 2305 1716 2355 ἐθελοντὴς

190 2368 409 2409 δεδωκέναι.
471 2371 589 2418 δῆλον
625 2369 654 2410 δ’
693 2371 751 2412 ὅτι
788 2374 807 2413 ὁ
837 2371 1061 2426 Ἀχιλλεὺς,
1095 2373 1158 2413 ἵνα
1187 2373 1239 2423 μὴ
1272 2373 1714 2425 ἀκρατής-ἀνανδρίας.

191 2436 320 2476 Recte
355 2436 456 2477 haec
489 2436 686 2488 Hillorus,
721 2440 801 2480 nisi
833 2442 940 2494 quod
971 2440 1020 2481 de
1052 2441 1187 2481 verbis
1214 2441 1324 2481 inter
1355 2441 1560 2482 δεδωκέναι
1592 2446 1634 2482 et
1663 2443 1715 2493 μὴ

191 2504 358 2557 ἀκρατής
388 2504 514 2546 erasis
543 2505 717 2557 fallitur,
739 2512 788 2549 ut
817 2513 989 2562 apparet
1017 2524 1068 2549 ex
1098 2508 1233 2550 codice
1263 2509 1529 2550 Townlciano
1560 2510 1603 2550 in
1635 2525 1716 2564 quo

191 2573 377 2614 scholion
397 2573 473 2614 hoc
495 2573 553 2614 sic
574 2578 638 2615 est
658 2575 961 2617 conformatum
980 2594 989 2619 :

249 2642 337 2683 οὔτε
357 2659 409 2697 τῳ
434 2643 568 2698 ἄλλῳε
595 2645 658 2684 ἵνα
687 2645 739 2696 μὴ
771 2647 974 2697 νομισθείη
1005 2646 1099 2697 πρὸς
1131 2647 1199 2687 ἕνα
1229 2647 1350 2697 μόνον
1377 2646 1589 2700 ἀξιόχρεως
1615 2648 1717 2688 εἶναι

192 2711 472 2764 -στερομένῳ
503 2714 570 2762 τῆς
602 2715 743 2763 δωρεᾶς
774 2712 872 2769 (huc
902 2728 1030 2768 usque
1061 2714 1187 2754 etiam
1218 2714 1324 2754 Ven.
1347 2714 1418 2770 A).
1480 2717 1517 2755 οἱ
1546 2718 1618 2766 μὲν
1649 2718 1718 2758 οὖν

194 2779 366 2830 ἔφασαν,
388 2779 492 2822 ὅπως
515 2779 567 2830 μὴ
597 2780 1032 2832 ἀκρατὴς-ἀποδοῦναι
1053 2783 1194 2834 ταύτην
1214 2785 1265 2837 τῷ
1287 2785 1565 2833 βασιλεῖ-ὧν
1585 2786 1717 2836 φείδε-

194 2846 364 2897 ται-ἧν
399 2848 500 2902 αὐτῷ
543 2849 778 2899 ἐξαιρεῖσθαι
815 2852 966 2906 πρώτῳ·
1015 2851 1221 2904 γεγένηται
1257 2854 1297 2892 δὲ
1334 2852 1554 2904 ἆναδόσιμα
1589 2853 1717 2895 πάντα

194 2918 269 2956 τῶν
300 2916 612 2968 αἰχμαλωτίδων,
634 2919 701 2968 τῆς
722 2918 941 2971 Χρυσηΐδος
963 2920 1382 2973 ἀπολειφθείσης-ἧν
1402 2922 1478 2973 γὰρ
1504 2922 1604 2977 αὐτῷ
1627 2921 1718 2972 ἐξὸν

198 2984 216 2997 ΡΙ

194 3000 215 3022 ο
256 2987 519 3026 τι-Αἵαντος
561 2985 628 3026 ἰὼν
668 2985 798 3038 γέρας.
871 2989 932 3029 καὶ
970 2989 1106 3039 πάλιν,
1149 2989 1267 3040 αὐτὰρ
1310 2989 1394 3040 ε’μοὶ
1434 2989 1550 3041 γέρας
1591 2990 1717 3044 αὐτίχ’
