1959 3319
199 136 286 178 406
814 131 1123 174 ADDENDA.

263 249 328 292 23,
355 246 422 288 25.
451 236 652 290 ἐνέχονται
678 251 727 276 cx
758 235 925 277 scholiis
956 235 1184 276 minoribus
1215 234 1380 276 restitui
1410 249 1484 288 pro
1515 233 1728 287 ἐρέχονται,

205 306 315 361 quod
337 306 395 346 sic
417 304 618 357 scriptum
640 308 702 345 est
724 304 769 344 in
789 305 842 345 A.
864 306 1086 345 ὑπόκεινται
1106 303 1150 343 in
1172 304 1278 344 Ven.
1302 304 1351 343 B.

265 385 330 426 27,
357 386 423 427 23.
456 375 494 415 ἐς
520 371 679 429 δίφρον]
716 372 784 413 Sic
811 372 939 413 etiam
959 372 1002 412 in
1024 376 1156 421 textu,
1181 372 1250 413 sed
1277 376 1457 412 metrum
1486 371 1672 425 postulat
1694 372 1732 413 ἐς

207 445 345 495 δίφρον
366 441 410 491 δ’,
433 440 542 495 quod
564 445 627 482 est
647 442 691 481 in
712 441 815 481 aliis.

267 510 332 559 28,
357 524 396 565 3.
428 508 618 566 πιθανῶς]
663 509 858 552 ἀπιθάνως
903 510 1085 550 Cobetus
1130 510 1291 550 Mnem.
1332 523 1462 549 novae
1503 508 1583 549 vol.
1626 521 1653 558 4
1694 522 1733 561 p.

209 592 302 634 243.

264 661 333 702 31,
358 658 424 699 27.
457 647 762 687 Annotationes
784 647 840 687 sic
861 647 1021 701 corrig-e
1053 648 1135 688 οἷον
1157 644 1280 703 Vill.]
1314 646 1389 686 οἶοι
1419 646 1459 685 Α
1490 648 1532 685 ct
1552 644 1660 684 Ven.
1684 644 1734 685 B.

205 717 318 766 πεζοί
337 731 387 755 ex
408 716 645 756 coniectura
667 716 830 756 addidit]
851 716 1079 757 Bekkerns.

263 798 332 836 41,
360 798 393 826 1.
419 797 456 826 2.
490 784 690 825 Deleatur
712 784 899 825 scholion
921 800 970 825 ex
993 785 1028 825 B
1051 800 1075 825 a
1097 784 1289 825 Bckkcro
1310 783 1474 824 illatum
1499 781 1736 836 pariterque

206 868 245 906 p.
278 866 348 906 49,
373 865 439 907 23.
465 865 532 902 24.
571 862 637 905 51,
668 853 732 893 18.
772 853 839 903 66,
864 866 918 894 20
950 856 992 894 et
1025 863 1178 904 24—27.
1205 853 1269 904 76,
1296 864 1343 894 21
1371 853 1420 894 ὡς
1443 850 1735 899 ἐπὶ-παλαιοὶ,

212 934 304 969 122,
341 934 492 975 10-13.
539 931 630 973 147,
670 935 704 961 1.
741 935 777 963 2.
826 935 919 976 192,
948 934 1013 977 23.
1041 922 1341 974 γίνεται-θροῦ.
1389 920 1481 973 198,
1516 932 1555 971 9.
1589 919 1664 971 ἔφη
1695 919 1738 958 δὲ

207 991 295 1033 τοὺς
318 991 439 1032 θεούς.
466 990 561 1044 236,
589 1003 623 1031 Ι.
649 1000 744 1042 254,
772 990 834 1031 18.
864 1003 914 1043 19
937 990 1277 1041 ’τὸ-μενέτωσαν.

264 1071 333 1109 41,
361 1057 426 1099 18.
459 1059 585 1100 ἄλλας
621 1056 763 1114 ἀρχὰς]
805 1059 933 1099 Recte
970 1059 1096 1100 ἄλλας
1133 1059 1193 1098 καὶ
1229 1059 1355 1099 ἄλλας
1391 1056 1513 1110 ἀρχάς
1554 1055 1737 1096 Cobetus

208 1126 371 1167 Mnem.
394 1141 524 1167 novae
547 1126 626 1166 vol.
650 1140 677 1176 4
698 1142 738 1179 p.
765 1127 861 1168 281.

265 1208 334 1246 41,
362 1208 425 1247 19.
457 1193 796 1251 ὑστεροπερίοδος]
825 1195 954 1235 Recte
986 1194 1169 1234 Cobetus
1198 1194 1513 1245 μακροπερίοὸος,
1535 1196 1584 1232 ut
1615 1207 1739 1245 supra

208 1279 247 1317 p.
287 1277 350 1312 11,
393 1276 458 1303 ‘20-
489 1263 664 1315 ‘'Owypos
706 1265 904 1304 διακόπτει
944 1264 1012 1306 τὰς
1054 1263 1230 1315 φράσεις,
1263 1264 1326 1303 ἵνα
1356 1262 1408 1313 μὴ
1438 1261 1740 1313 μακροπερίοὸος

208 1332 380 1383 γένηται.

267 1409 337 1452 45,
361 1414 398 1455 9.
433 1401 525 1441 αὐτὸ
549 1404 611 1441 est
633 1400 761 1440 etiam
782 1401 827 1440 in
849 1401 901 1440 A.

268 1478 335 1521 55,
361 1478 428 1520 27.
461 1467 592 1526 ῥιπῆς]
619 1469 762 1510 Scribe
783 1470 857 1510 ὑπὸ
880 1471 990 1521 ῥιπῆς
1013 1484 1062 1510 ex
1085 1470 1136 1510 A.

267 1538 334 1591 63,
367 1547 430 1591 15.
465 1536 588 1578 Quod
624 1538 667 1578 in
708 1537 847 1579 codice
883 1542 945 1578 est
985 1539 1047 1578 καὶ
1084 1537 1308 1588 κοιμήσασα
1348 1537 1390 1576 in
1430 1537 1742 1587 κατακοιμίσασα

210 1605 391 1646 mutavit
414 1606 598 1647 Cobetus
621 1607 781 1648 Mnem.
806 1622 935 1648 novae
957 1607 1036 1647 vol.
1059 1620 1087 1658 4
1109 1622 1146 1660 p.
1172 1607 1265 1649 282.

268 1675 336 1725 64,
359 1688 425 1726 24.
452 1687 517 1729 25.
547 1675 674 1716 Ἴλιον
695 1677 787 1717 αἰπὺ
811 1674 963 1733 ἕλοιεν]
989 1676 1084 1716 1)110
1106 1675 1148 1715 in
1170 1676 1211 1715 A
1233 1674 1390 1716 scholia
1410 1678 1519 1723 sunt,
1538 1672 1579 1730 (ἡ
1602 1673 1741 1729 διπλῆ)

210 1745 270 1784 ὅτι
292 1749 360 1784 νῦν
380 1746 506 1794 μόνως
528 1745 736 1796 οὐδετέρως
758 1746 902 1797 εἴρηται
919 1743 1060 1794 Ἴλιον,
1083 1748 1147 1784 ct:
1180 1744 1443 1797 Ἀρίσταρχος
1459 1742 1585 1784 Ἴλιον
1607 1742 1741 1793 ἐκπέρ-

211 1829 350 1854 σωσιν.
413 1813 560 1853 “Fieri
592 1828 675 1853 non
708 1817 847 1866 potest
878 1816 926 1853 ut
957 1813 1057 1853 hacc
1089 1812 1143 1854 sit
1173 1812 1407 1852 Aristarchi
1449 1811 1583 1852 lectio.
1644 1810 1742 1851 Ari-

210 1881 399 1922 starchus
433 1885 474 1922 et
510 1881 602 1922 aliis
638 1881 899 1935 argumentis
934 1882 1072 1922 locum
1109 1881 1296 1935 spurium
1333 1896 1419 1921 esse
1455 1880 1597 1921 docuit
1632 1880 1742 1933 apud

212 1949 443 2003 Didymum
475 1951 527 1990 ad
558 1965 597 1992 V.
622 1952 675 2004 56
709 1954 751 1991 eb
783 1951 882 1990 hoc:
927 1951 1117 2000 ἀσύνηθες
1149 1950 1191 1990 δὲ
1223 1951 1284 1990 καὶ
1315 1949 1521 2001 οὐδετέρως
1552 1949 1594 1989 τὸ
1616 1948 1744 1989 Ἴλιον

209 2019 327 2070 ῥηθέν
350 2018 499 2060 (Ἴλιον
521 2020 612 2060 αἰπὺ
639 2018 795 2059 ἕλοιεν.’
856 2019 1022 2059 πάντοτε
1054 2021 1126 2071 γὰρ
1159 2022 1334 2069 θηλυκῶς
1364 2018 1485 2071 λέγει,
1518 2022 1559 2058 eb
1589 2019 1743 2071 passim

211 2086 255 2126 in
291 2086 520 2128 Aristonici
553 2089 726 2138 σημείοις
762 2087 943 2141 legitur:
986 2087 1008 2137 ἡ
1046 2089 1163 2136 διπλῆ
1200 2088 1258 2126 ὅτι
1295 2089 1469 2135 θηλυκῶς
1505 2085 1574 2136 τὴν
1599 2085 1740 2126 Ἴλιον.

212 2154 395 2194 Confusa
417 2161 516 2195 sunt
537 2156 617 2195 duo
639 2155 809 2195 nomina.
829 2169 933 2208 quae
955 2153 1135 2194 assolent
1151 2157 1193 2194 et
1209 2153 1500 2207 corrigendum
1519 2170 1526 2193 :
1559 2153 1740 2205 Ἀριστο-

211 2223 337 2274 φάνης
356 2223 484 2264 Ἴλιον
508 2222 793 2273 ἐκπέρσωσιν.”
869 2221 1074 2280 ΟΟΒΕΤᾺ
1096 2221 1256 2263 BIncm.
1281 2237 1410 2262 novae
1431 2222 1512 2262 vol.
1535 2235 1563 2273 4
1585 2238 1623 2275 p.
1646 2222 1739 2263 280.

270 2292 337 2343 65,
363 2306 401 2345 9.
434 2292 500 2332 οὐκ
527 2292 567 2332 εὖ
590 2290 771 2332 Bekkeri
793 2290 1028 2331 emendatio
1050 2285 1112 2330 est
1134 2305 1207 2342 pro
1230 2290 1367 2331 οὐκέτι.

273 2370 337 2412 74,
366 2374 400 2399 1.
434 2361 495 2400 καὶ
522 2361 716 2412 Πίνδαρος
747 2360 958 2411 Χρυσάορι).
982 2358 1049 2399 τὸν
1071 2358 1224 2411 Ὀρφέα
1246 2357 1369 2415 φησί]
1405 2358 1468 2399 Dc
1490 2359 1568 2399 hoc
1589 2359 1677 2399 dixi
1698 2359 1742 2399 in

211 2432 353 2469 annot«⁷
376 2429 428 2468 ad
450 2428 530 2469 vol.
553 2442 580 2478 4
605 2444 644 2482 p.
670 2428 736 2481 87.

273 2510 338 2550 74,
362 2508 399 2551 5.
432 2497 486 2537 In
521 2500 661 2537 annot.
705 2496 979 2548 ἀπειλουμένοι
1016 2496 1259 2550 typothetae
1300 2511 1411 2536 error
1446 2511 1520 2550 pro
1557 2498 1741 2537 ἀπειλου-

211 2567 340 2617 μένου.

274 2636 339 2687 76,
366 2647 387 2676 2
393 2646 547 2689 5—27.
571 2634 791 2688 Duplicem
814 2633 1034 2675 scholiasta
1055 2638 1257 2674 memorat
1280 2633 1540 2687 scripturam,
1563 2633 1741 2687 priorem

213 2703 450 2744 Aristarchi
493 2703 572 2744 κατ’
613 2704 755 2753 ἐνῶπα,
798 2717 973 2756 quacum
1016 2705 1111 2742 κατὰ
1153 2706 1259 2753 δῶμα
1300 2706 1525 2755 comparat,
1568 2702 1740 2742 alteram

213 2771 430 2811 Alexionis
454 2772 668 2822 κατένωπα,
691 2786 868 2825 quacum
891 2770 1100 2811 κατέναντα
1121 2774 1346 2824 comparat.

274 2840 341 2892 78,
365 2853 432 2894 32.
465 2838 569 2896 391]
595 2840 769 2893 Corrigc
791 2853 873 2895 393
896 2842 938 2880 ct
959 2839 1003 2878 in
1024 2840 1293 2879 annotatione
1314 2850 1397 2891 412
1422 2854 1494 2892 pro
1515 2852 1614 2890 410.

274 2908 341 2961 89,
368 2917 407 2959 5.
441 2908 676 2948 Delendum
700 2908 850 2948 lemma
875 2907 1007 2948 πολλὰ
1033 2907 1073 2947 δὲ
1102 2907 1292 2959 φάσγανα
1315 2906 1415 2947 καλά
1437 2910 1479 2947 ct
1500 2906 1638 2947 omnia
1660 2920 1741 2946 uno

212 2978 354 3016 tenore
376 2976 668 3017 continuanda.
732 2974 959 3030 Dionysius
982 2976 1131 3028 ἀπορεῖ,
1157 2979 1234 3017 πῶς
1255 2976 1322 3016 οὖν
1344 2975 1592 3027 ἐπιψέρει-,
1615 2973 1741 3014 solvit
