1959 3319
693 551 1151 602 ADDENDA.

217 718 442 759 ADDENDIS
463 718 515 759 ad
536 718 730 760 volumen
751 719 933 773 primum
967 722 1009 759 ct
1040 716 1266 758 secundum
1297 717 1342 756 in
1363 716 1444 756 fine
1465 715 1691 756 voluminis

160 786 326 827 secundi
350 801 391 840 p.
414 786 639 842 383—392
671 786 868 840 expositis
889 801 999 826 nunc
1021 786 1120 826 haec
1149 785 1345 825 accedant
1367 784 1523 838 partim
1542 784 1594 825 ab
1622 799 1688 825 me

158 854 248 907 ipso
278 853 561 896 animadversa
592 855 746 908 partim
777 855 829 894 ab
861 854 954 894 aliis
975 853 1076 893 viris
1108 853 1240 893 doctis
1271 853 1550 907 suppeditata,
1580 853 1691 893 inter

158 936 260 976 quos
280 926 365 963 tres
386 926 484 963 sunt
506 923 550 963 in
571 923 638 963 his
664 922 814 963 studiis
839 922 989 962 eximie
1014 921 1182 971 versati,
1214 923 1435 975 Augustus
1455 921 1688 971 Nauckius,

157 990 230 1045 qui
259 990 461 1032 nonnulla
491 1005 564 1045 per
593 991 755 1032 litteras
786 1005 946 1031 mecum
980 990 1319 1039 communicavit,
1340 989 1561 1043 Adolphus
1583 989 1690 1030 Roe-

157 1073 295 1100 merus
316 1063 358 1100 et
379 1058 613 1100 Mauricius
636 1058 909 1108 Schmidtius‚
933 1059 1003 1113 qui
1031 1073 1221 1100 censuras
1253 1058 1430 1099 duorum
1460 1057 1691 1111 primorum

158 1127 419 1168 voluminum
441 1128 707 1182 scripserunt,
731 1132 773 1168 et
796 1127 1056 1168 Schmidtius
1077 1127 1243 1181 quidem
1271 1126 1313 1166 in
1342 1125 1691 1180 Ephemeridibus

159 1196 403 1236 Ienensibus
442 1211 478 1236 a.
526 1197 648 1249 1876.
690 1211 752 1238 nr.
796 1196 848 1251 36
891 1211 930 1250 p.
973 1208 1069 1250 572.
1112 1210 1185 1249 sq„
1234 1194 1462 1236 Roemerus
1503 1208 1599 1235 vero
1646 1193 1692 1233 in

159 1263 414 1305 Fleckeiseni
451 1265 688 1305 Annalibus
720 1263 799 1305 vol.
835 1277 915 1314 114
948 1262 1001 1320 (a.
1030 1264 1169 1319 1876),
1202 1278 1242 1317 p.
1265 1274 1508 1318 433—452.
1570 1261 1690 1302 Idem

158 1333 301 1374 eodem
336 1332 420 1374 fere
460 1347 600 1374 mense
637 1348 716 1386 quo
758 1332 886 1373 editio
923 1347 1013 1372 mea
1053 1331 1209 1372 Oxonii
1244 1331 1436 1385 prodibat
1472 1328 1690 1371 Monachii

157 1401 550 1442 commentationem
586 1401 768 1442 ediderat
805 1402 851 1442 de
886 1401 1063 1453 operibus
1103 1400 1492 1449 A2·2ssstarelaeor2cm÷÷‚
1529 1399 1574 1439 in
1609 1411 1692 1452 qua

157 1470 207 1510 de
247 1469 408 1510 ratione
444 1469 533 1524 egit
568 1485 671 1524 quae
707 1469 817 1510 inter
852 1469 1003 1510 codicis
1035 1469 1187 1509 Veneti
1223 1469 1264 1508 A
1304 1469 1461 1510 scholia
1500 1466 1692 1521 longiora

157 1537 407 1592 marginalia
452 1542 494 1579 et
540 1537 727 1579 breviora
777 1537 1138 1592 intermarginalia
1184 1537 1404 1578 intercedit
1448 1537 1691 1593 collatisque

159 1606 268 1647 inter
303 1620 344 1647 se
381 1607 595 1661 utriusque
631 1607 795 1660 generis
831 1606 998 1647 scholiis
1033 1621 1116 1647 non
1152 1606 1292 1660 paucis
1328 1606 1438 1647 idem
1475 1606 1558 1648 fere
1588 1607 1692 1648 tulit

158 1675 357 1716 iudicium
378 1675 488 1729 quod
516 1689 594 1729 ego
625 1675 669 1714 in
701 1674 960 1715 Praefatione
992 1674 1187 1716 editionis
1218 1689 1331 1715 meae
1362 1690 1401 1728 p.
1423 1675 1495 1715 vii.
1557 1675 1688 1725 Idem,

159 1748 382 1799 antequam
419 1758 509 1784 mea
545 1745 609 1784 uti
641 1745 678 1784 ei
716 1743 856 1784 liceret
890 1743 1084 1793 editione,
1123 1757 1323 1797 magnam
1354 1743 1506 1784 codicis
1536 1744 1691 1784 Veneti

158 1813 198 1853 A
219 1817 382 1867 partem
412 1813 499 1867 ipse
525 1827 619 1853 cum
646 1812 828 1852 Bekkeri
856 1811 1036 1852 editione
1068 1812 1301 1852 contulerat
1327 1811 1480 1860 eadem,
1505 1815 1553 1852 ut
1578 1826 1690 1852 nunc

158 1880 427 1922 manifestum
456 1880 516 1930 fit,
539 1880 774 1934 diligentia,
797 1895 921 1934 quam
954 1880 1000 1921 C.
1019 1880 1078 1920 G.
1102 1879 1283 1920 Cobetus
1314 1884 1356 1920 et
1388 1880 1441 1920 D.
1465 1879 1515 1920 B.
1538 1880 1691 1920 Monro

158 1949 264 1990 mihi
292 1948 604 2003 praestiterunt.
666 1949 761 1990 Quo
793 1948 949 1989 factum
982 1951 1045 1988 est
1075 1952 1123 1988 ut
1155 1962 1257 2001 quae
1286 1948 1330 1987 in
1361 1952 1535 2002 utraque
1566 1948 1690 1989 colla-

158 2018 272 2059 tione
308 2032 358 2058 ex
393 2017 523 2058 altera
553 2017 618 2058 vel
661 2017 844 2071 suppleri
875 2016 940 2057 vel
982 2016 1134 2070 corrigi
1170 2016 1332 2070 possint
1367 2015 1568 2056 levissimi
1605 2017 1692 2057 sint

158 2087 361 2128 momenti
382 2091 424 2127 et
447 2087 628 2127 maxima
650 2101 700 2127 ex
721 2091 837 2140 parte
866 2086 925 2126 ita
947 2088 1181 2139 comparata
1203 2089 1251 2125 ut
1273 2085 1361 2126 sine
1383 2085 1467 2125 ullo
1488 2086 1690 2126 lectorum

158 2154 410 2196 detrimento
445 2154 574 2196 taceri
612 2154 857 2209 potuissent,
891 2158 939 2195 ut
970 2169 1020 2194 ex
1051 2153 1265 2194 Addendis
1301 2168 1403 2208 quae
1434 2153 1542 2194 infra
1574 2154 1691 2207 posui

159 2222 433 2277 intelligetur.

826 2343 961 2384 VOL.
995 2343 1031 2383 I.

216 2431 350 2473 Praef.
373 2447 414 2486 p.
435 2431 512 2472 xiii
531 2432 577 2472 in
598 2437 741 2474 annot.
764 2433 836 2476 lin.
861 2447 883 2476 2
906 2449 980 2488 pro
1006 2445 1085 2489 173
1107 2433 1267 2486 corrige
1293 2443 1385 2486 175.

217 2500 349 2543 Praef.
390 2515 431 2554 p.
471 2501 616 2542 xxviii.
699 2501 822 2543 Quod
862 2501 912 2543 de
952 2501 1239 2556 Etymologici
1286 2499 1439 2554 Magni
1486 2501 1691 2554 excerptis

161 2567 433 2610 Aristoniceis
473 2568 561 2609 dixi
596 2569 740 2624 exigui
781 2585 829 2611 ea
864 2585 962 2611 usus
1005 2584 1090 2611 esse
1130 2570 1180 2610 ad
1222 2569 1498 2609 emendandas
1538 2568 1691 2609 codicis

162 2636 314 2678 Veneti
352 2637 393 2676 A
429 2636 662 2691 scripturas,
699 2638 809 2680 idem
850 2638 1072 2679 dicendum
1108 2641 1171 2678 est
1211 2637 1261 2677 de
1297 2636 1580 2690 Etymologici
1620 2651 1690 2677 ex-

162 2704 315 2760 cerptis
337 2719 387 2746 ex
409 2705 641 2746 Herodiani
661 2705 816 2764 Ἰλιακῇ
844 2708 1056 2762 προσῳδίᾳ,
1080 2719 1185 2760 quae
1213 2703 1448 2759 saepissime
1477 2719 1527 2745 ex
1555 2705 1693 2746 codice

205 2822 223 2843 *
249 2819 313 2852 Die
343 2819 452 2851 Werke
475 2820 534 2851 der
556 2819 783 2852 Aristarclzeer
805 2821 850 2853 im
878 2821 956 2852 Coa.
975 2819 1053 2852 Γεη.
1073 2820 1112 2851 Δ,
1131 2830 1190 2850 von
1215 2819 1326 2859 Aclolf
1345 2818 1490 2851 Roemer.
1535 2818 1695 2859 Separat-

161 2874 308 2906 abdruck
333 2884 393 2905 aas
413 2874 475 2905 den
500 2874 811 2916 Sitzunysberichten
834 2876 899 2907 Bd.
917 2875 972 2906 ΙΙ.
991 2873 1074 2915 Heft
1092 2883 1110 2914 3
1133 2874 1190 2905 der
1206 2873 1453 2914 philea-philol.
1503 2872 1613 2904 Classe
1637 2874 1696 2906 der

163 2928 207 2959 Κ.
232 2928 414 2960 Alcaclemz'e
439 2929 496 2960 der
528 2929 803 2971 Wissenschascen
833 2930 988 2970 (Sitzung
1015 2939 1089 2959 vom
1119 2927 1138 2959 6
1166 2927 1357 2959 November
1384 2928 1491 2968 1875.)
1519 2928 1695 2965 Milnclzen,

167 2983 259 3023 1875.
