1959 3319
706 145 933 182 ΙΛΙΑΔΟΣ
977 145 1024 181 A.
1073 141 1152 194 (1)
1607 141 1690 180 363

235 249 425 304 [Scholia
464 262 667 289 versuum
709 249 888 303 26—34
922 247 1077 303 partim
1112 246 1335 288 obliterata
1368 247 1413 287 in
1449 245 1614 288 Veneto
1651 246 1688 286 B

163 327 279 369 omni
313 342 365 368 ex
398 331 519 383 parte
554 325 718 381 integra
741 325 945 380 leguntur
968 326 1013 366 in
1037 325 1181 366 codice
1212 324 1427 381 Lipsiensi
1459 329 1501 366 et
1531 323 1688 379 partim

161 405 207 446 in
258 405 543 455 Townleiano,
590 404 634 444 in
681 409 864 459 utroque
912 419 936 445 a
981 419 1113 444 manu
1170 403 1416 454 recentiore,
1464 401 1689 458 exscripta,

161 482 301 524 verbis
323 482 471 524 leviter
495 482 683 535 mutatis,
712 497 763 522 ex
787 481 1087 537 Etymologico
1125 481 1301 535 Magno.
1375 480 1546 523 Quibus
1578 479 1690 520 inter

163 574 206 601 se
248 560 411 601 collatis
445 561 549 601 haec
586 559 645 601 sic
682 559 922 615 supplenda
957 564 999 600 et
1034 558 1284 614 corrigenda
1318 573 1409 599 esse
1444 562 1576 614 patet,
1620 557 1687 601 26.
1709 569 1730 608 5

162 634 232 692 (ex
267 637 415 693 Etym.
454 638 518 678 Μ.
555 652 596 692 p.
635 648 732 692 515,
764 631 837 695 53)
876 630 1034 695 κιχειω]
1068 653 1177 693 παρα
1212 653 1255 677 το
1292 652 1360 676 κιω
1396 651 1438 676 το
1475 630 1686 693 πορεύομαι

161 716 400 774 πλεονασμῷ
434 732 502 756 του
529 733 561 773 χ
588 731 740 772 γινεται
777 731 892 771 κιχω,
929 711 946 755 ὃ
981 710 1139 770 μελλων
1173 714 1288 771 κιχῶ,
1314 729 1379 754 και
1416 708 1546 770 ὥσπερ
1581 729 1690 770 παρα

161 808 206 832 το
230 786 373 850 βρωσω
399 788 589 852 βρωσειω,
624 785 720 833 οὕτω
751 809 816 833 και
843 793 942 849 κιχῶ
969 808 1034 832 και
1060 786 1212 848 κιχείω.
1287 790 1352 833 28.
1383 785 1444 849 (in
1470 789 1690 831 codicibus

161 869 431 911 Townleiano
462 875 505 911 et
536 869 750 925 Lipsiensi
777 884 800 910 a
825 869 1023 910 manibus
1060 868 1303 910 recentibus
1341 873 1383 909 et
1419 867 1611 909 similiter
1646 867 1689 908 in

160 947 310 1003 Etym.
348 947 411 990 Μ.
455 962 501 1002 p.
539 948 636 1000 814,
677 941 748 1004 13)
787 940 992 1006 χραισμη]
1031 943 1227 1006 βοηθήσῃ.
1272 962 1314 988 το
1351 941 1451 1002 θεμα
1484 962 1690 1033 χραισμω,
1714 966 1761 991 10

160 1042 274 1066 τουτο
309 1019 386 1066 ἄπο
422 1025 490 1066 τοῦ
524 1020 727 1083 χρήσιμος
762 1041 966 1083 χρησιμω,
1005 1025 1186 1084 συστολῇ
1221 1025 1289 1065 τοῦ
1325 1020 1349 1077 ἦ
1386 1019 1441 1070 εἷς
1482 1039 1525 1064 το
1562 1040 1589 1063 α
1624 1017 1690 1064 καὶ

161 1099 376 1159 μεταθέσει
411 1120 477 1144 του
496 1102 515 1143 ἶ
537 1097 739 1162 χραίσμω.
814 1099 886 1158 (In
924 1103 1068 1158 Ety.m
1101 1103 1166 1146 M.
1191 1104 1379 1160 χρησιμῶ
1415 1107 1458 1142 et
1491 1103 1697 1159 χραισμεῒ

163 1181 382 1238 scriptum.
461 1180 640 1222 Brevius
687 1180 730 1221 in
777 1180 941 1224 Townl.
991 1185 1033 1221 et
1080 1179 1201 1235 Lips.
1247 1173 1454 1239 χραίσμῃ]
1499 1173 1576 1220 ἀπὸ
1623 1180 1690 1221 τοῦ

161 1255 365 1317 χρήσιμος
399 1254 535 1315 γέγονε
570 1251 636 1299 καὶ
674 1259 991 1318 συστολῇ-τοῦ
1016 1254 1030 1299 ἶ
1058 1252 1283 1316 χραισμῶ).
1355 1256 1585 1313 Duplicem
1621 1271 1690 1298 ac-

162 1335 348 1388 cenkum,
364 1331 554 1394 χραίσμω
565 1336 631 1377 vel
641 1338 845 1393 χραισμῶ,
858 1336 1011 1378 diserte
1029 1341 1212 1378 testatur
1228 1336 1374 1391 Etym.
1384 1335 1433 1375 M
1443 1370 1450 1378 .
1488 1335 1689 1376 Scholion
1713 1340 1760 1379 15

161 1419 302 1455 totum
341 1413 548 1468 integrius
590 1414 798 1470 repetitur
833 1414 943 1455 infra
978 1415 1031 1455 ad
1065 1430 1104 1457 v.
1141 1416 1226 1470 566
1262 1430 1305 1470 p.
1333 1415 1431 1469 367,
1457 1426 1588 1469 9-13‚
1614 1413 1689 1454 ubi

163 1497 277 1532 recte
302 1490 511 1546 scriptum
538 1497 602 1532 est
629 1492 812 1552 συστολῇ
831 1493 898 1533 τοῦ
918 1498 941 1542 ἡ
963 1487 1019 1538 εἷς
1038 1491 1065 1532 ἆ
1083 1485 1148 1533 καὶ
1170 1487 1471 1550 ὖπερβιβασμῷ
1494 1486 1547 1543 (ἐν
1563 1508 1691 1547 μετα-

163 1565 267 1611 θέσει
288 1569 452 1610 codices
465 1569 764 1610 Townleianus
783 1575 825 1610 et
845 1569 962 1625 Lips.
983 1584 1080 1611 cum
1098 1570 1245 1625 Etym.
1263 1564 1348 1625 Μ.)
1366 1570 1434 1610 τοῦ
1454 1565 1466 1609 ἶ
1486 1563 1688 1626 χραίσμω.

165 1647 230 1691 28.
258 1641 320 1706 (in
345 1647 435 1689 cod.
453 1647 573 1703 Lips.
594 1654 635 1689 et
652 1647 799 1703 Etym.
818 1647 882 1688 M.
898 1663 940 1704 p.
963 1659 1057 1702 717,
1074 1642 1116 1707 2)
1139 1641 1354 1706 σκῆπτρον]
1374 1643 1416 1688 ἐκ
1434 1647 1501 1688 τοῦ
1528 1644 1690 1700 σκήπτω

162 1719 207 1766 τὸ
244 1720 537 1781 ε’πακουμβίζω·
580 1718 623 1767 τό
648 1720 688 1766 δὲ
715 1721 878 1777 σκήπτω
915 1721 1098 1781 σημαίνει
1137 1720 1215 1767 δύο·
1258 1719 1302 1766 τὸ
1328 1720 1622 1781 ἔπακουμβίζω,
1650 1719 1690 1775 ἐξ
1712 1745 1762 1770 20

164 1796 207 1845 οἷ
240 1796 307 1844 καὶ
344 1803 555 1861 σκῆπτρον,
580 1796 646 1843 καὶ
683 1796 726 1844 τὸ
763 1797 1076 1859 προφασίζομαι,
1103 1798 1144 1852 ἐξ
1180 1796 1222 1844 οἷ
1256 1797 1323 1844 καὶ
1361 1804 1510 1855 σκῆψις
1544 1800 1568 1855 ἡ
1600 1796 1691 1843 ποθ’-

163 1884 306 1935 φοισις·
343 1875 388 1922 τὸ
424 1874 465 1923 δὲ
501 1882 650 1934 σκῆψις
685 1879 709 1934 ἡ
745 1875 950 1940 πρόφασις
986 1876 1029 1922 ἐκ
1064 1883 1132 1922 τοῦ
1170 1876 1342 1932 σκέπτω,
1378 1879 1401 1935 ἡ
1439 1877 1482 1922 εἰς
1515 1877 1691 1935 μελέτης

163 1954 311 2011 ψευδὴς
350 1953 560 2017 μαρτυρία.
617 1955 634 2000 ὅ
668 1954 747 2017 ’γαρ
785 1953 1050 2014 σκεπτόμενος
1086 1954 1228 2011 ψευδές
1269 1976 1307 2000 τι
1351 1954 1482 2009 εἰπεῖν,
1520 1953 1692 2018 κρυφίως

163 2038 276 2079 τοῦτο
316 2037 475 2094 μελετᾷ
515 2030 581 2078 καὶ
624 2029 732 2078 οἱονεὶ
781 2031 1088 2092 ἐσκεπασμέυος.
1166 2051 1232 2091 29.
1270 2033 1387 2092 (cum
1422 2037 1515 2079 cod.
1552 2032 1691 2091 Lips.)

163 2113 338 2174 γῆραςὴ
367 2110 535 2167 τελευτὴ
569 2108 743 2168 ἡλικίαις,
775 2109 815 2164 ἐξ
851 2108 892 2155 οἶ
929 2108 996 2155 καὶ
1031 2109 1208 2172 γηραιός.
1251 2115 1364 2156 τοῦτο
1401 2109 1440 2155 δὲ
1477 2109 1520 2156 ἔκ
1555 2114 1623 2155 τοῦ
1656 2109 1692 2155 ἐν
1713 2120 1761 2159 25

164 2194 215 2254 τῇ
247 2193 304 2252 γῇ
339 2190 441 2252 ὁρᾶν.
512 2206 580 2248 30.
619 2189 748 2248 (Cum
787 2192 880 2235 cod.
919 2192 1036 2248 Lips.
1077 2198 1119 2233 et
1154 2192 1301 2248 Etym.
1328 2191 1391 2234 M.
1422 2206 1463 2247 p.
1495 2201 1590 2247 757,
1622 2191 1688 2244 14)

165 2263 484 2330 τηλόθι]-οἷ5τω
509 2264 575 2311 καὶ
600 2264 643 2310 τὸ
670 2265 818 2322 τηλόθι.
892 2284 960 2326 32.
1001 2263 1379 2329 ἐρέθιζε-ἐρεθίζω]
1411 2269 1512 2310 Non
1540 2269 1691 2324 legun-

165 2353 238 2389 tur
276 2349 381 2389 haec
421 2347 466 2388 in
505 2347 665 2390 Townl.
709 2352 752 2389 et
791 2348 909 2403 Lips.
991 2349 1060 2389 Ex
1105 2347 1255 2404 paucis
1302 2362 1410 2402 quae
1457 2350 1692 2403 supersun‘c

166 2425 306 2467 verbis
348 2440 436 2466 non
477 2431 619 2480 potest
659 2425 800 2481 colligi
835 2426 982 2467 eadem
1019 2426 1162 2467 omnia
1195 2426 1304 2467 lecta
1337 2424 1468 2465 fuisse
1504 2438 1611 2479 quae
1646 2423 1691 2464 in

168 2503 315 2559 Etym.
353 2502 417 2544 M.
443 2517 487 2558 p.
515 2513 610 2558 370,
636 2517 703 2559 31,
737 2503 812 2545 ubi
847 2504 994 2560 inepta
1027 2509 1288 2545 memoratur
1324 2501 1581 2558 etymologia
1615 2495 1690 2543 ἀπὸ
1713 2510 1764 2548 30

167 2582 234 2623 τοῦ
262 2576 372 2636 ε’ρέθω
399 2575 465 2621 καὶ
495 2581 567 2633 τῆς
595 2575 694 2640 ἕρας.
766 2581 878 2624 Ibid.
914 2582 1074 2623 Scholii
1110 2582 1161 2623 de
1192 2597 1232 2622 v.
1267 2575 1461 2638 σαώτερος
1490 2579 1692 2634 reliquiae

168 2658 478 2714 comparandae
525 2673 623 2700 cum
671 2659 819 2716 Etym.
868 2661 933 2702 M.
983 2675 1025 2715 p.
1067 2672 1162 2715 709,
1209 2670 1259 2713 15
1306 2663 1348 2700 et
1395 2657 1693 2713 Epimerismis

170 2737 301 2778 Hom.
350 2735 394 2776 in
445 2735 633 2777 Crameri
678 2736 839 2780 Anecd.
882 2737 1024 2780 Oxon.
1066 2738 1146 2779 vol.
1199 2750 1217 2778 1
1262 2752 1303 2792 p.
1345 2750 1442 2792 393,
1488 2746 1554 2790 15.
1625 2749 1692 2792 33.

171 2809 289 2873 (cum
324 2813 415 2855 cod.
452 2813 573 2869 Lips.
597 2818 639 2855 et
663 2814 807 2870 Etym.
837 2815 899 2857 M.
925 2831 970 2871 p.
997 2825 1094 2870 593,
1119 2814 1190 2870 43)
1228 2807 1353 2872 μύθῳ]
1386 2813 1506 2870 μῦθος
1543 2808 1695 2869 σημαί-

169 2908 220 2934 νει
265 2886 342 2943 δύο,
381 2885 444 2932 τᾶν
489 2886 680 2933 uxorema»
715 2887 841 2950 λόγον,
880 2886 945 2934 καὶ
981 2888 1133 2951 ’γίνεται
1169 2887 1277 2951 παρὰ
1311 2885 1355 2933 τὸ
1392 2885 1576 2949 καμμύω·
1626 2885 1692 2933 καὶ
1713 2896 1762 2936 35
