1959 3319
793 129 1101 171 ADDENDA.
1633 131 1717 170 397

249 247 316 290 30,
341 246 407 287 29.
439 232 674 273 Delendum
696 230 1147 284 προπαροξυτονούμενα,
1169 231 1279 285 quod
1310 233 1371 271 est
1393 230 1436 271 in
1464 230 1557 272 aliis
1584 231 1714 281 libris,

191 303 260 344 sed
280 302 425 343 nonin
446 303 499 342 A.

248 383 314 425 39,
338 384 377 425 3.
409 369 591 422 γενέσθαι
623 370 664 409 δὲ
696 366 792 425 ἅμα]
826 370 892 410 τὰς
922 370 1059 421 γενεᾶς
1091 369 1133 408 δὲ
1163 369 1346 421 γενέσθαι
1372 368 1451 420 ἅμα
1473 368 1713 409 Roemerus.

192 437 304 478 Satis
325 440 413 478 erat
433 436 570 490 γενεάς
592 435 688 477 addi
709 440 802 490 post
823 437 1021 489 τραφῆναί
1037 454 1090 478 τε.

248 518 316 561 39,
341 518 408 548 21.
440 506 526 546 ἀντὶ
548 508 616 546 τοῦ
635 505 727 556 ἡμῖν
748 504 946 545 deleatur.

248 587 315 629 39,
341 587 408 629 23.
441 573 640 614 Deleatur
660 572 875 614 annotatio
905 572 957 613 ad
988 572 1061 613 lin.
1088 585 1138 614 12
1170 575 1212 613 et
1243 572 1421 613 addatur
1451 587 1524 613 suo
1551 572 1640 614 loco
1666 586 1714 628 19

189 639 294 699 ἐστι]
318 642 441 684 ἔσται.

245 723 314 761 42,
341 720 406 763 17.
438 709 637 750 Deleatur
658 711 821 758 ὀνείδεα,
844 708 954 763 quod
974 722 1059 749 non
1084 712 1147 749 es‘e
1167 708 1211 748 in
1232 708 1284 758 A,
1307 709 1542 763 pariterque
1562 708 1638 750 lin.
1663 721 1715 763 23

188 779 314 820 verba
344 779 406 820 καὶ
438 782 560 821 κακῶς
586 779 721 831 λέγειν
750 779 849 829 ἡμᾶς
874 778 962 819 τοὺς
981 781 1177 828 βασιλεῖς,
1201 792 1304 831 quae
1326 791 1376 817 ex
1397 776 1505 819 Ven.
1529 778 1564 817 B
1587 777 1716 832 irrep-

188 850 344 888 serunt.

245 928 313 966 44,
338 924 375 967 7.
408 915 458 957 ὧς
478 911 754 970 τὸ-φράσαι]
781 913 897 953 Haec
918 927 969 953 ex
989 912 1143 953 scholio
1166 912 1514 967 intermarginali.

243 996 315 1034 44,
340 995 405 1033 14.
438 981 589 1033 δόξειεν
611 982 659 1022 ἂν
678 996 774 1022 cum
796 980 953 1022 Cobeto
979 980 1123 1034 scripsi
1143 995 1216 1034 pro
1239 980 1343 1032 δόξει
1365 981 1426 1031 ἂν,
1450 985 1497 1022 ut
1518 996 1557 1035 p.
1584 981 1650 1031 81,
1675 982 1715 1022 6.

187 1052 334 1103 δόξειεν
355 1052 403 1094 ἂν
423 1051 591 1106 legitur.
654 1052 735 1092 Sed
766 1051 842 1092 hoc
872 1051 959 1091 loco
991 1065 1133 1091 sensus
1164 1051 1349 1104 postula‘c
1381 1050 1544 1101 δείξειεν
1575 1050 1623 1092 ἂν
1650 1051 1717 1091 vel

187 1119 378 1172 διδάξειεν
399 1121 456 1171 ἂν,
482 1123 528 1160 ub
550 1119 745 1160 Lehrsius
767 1119 919 1170 διδάξαι
941 1119 988 1160 ἂν
1010 1119 1186 1172 scripsit.

244 1189 312 1241 48,
334 1201 401 1244 23.
434 1189 487 1228 In
518 1188 605 1229 loco
637 1188 688 1229 Il.
721 1202 760 1238 4,
792 1199 886 1242 153,
918 1202 1041 1241 quem
1075 1187 1296 1228 scholiasta
1327 1187 1485 1236 attulit,
1519 1187 1589 1227 ubi
1621 1186 1716 1227 libri

186 1257 353 1298 variant
382 1257 492 1298 inter
522 1261 613 1306 τοῖς,
646 1257 744 1306 τοὺς,
777 1256 843 1297 τὸν
879 1260 921 1296 et
954 1256 1114 1308 μετέφη,
1148 1256 1214 1297 vel
1250 1257 1443 1309 προσέφη,
1477 1270 1574 1296 vera
1606 1255 1715 1296 haud

187 1325 312 1366 dubie
337 1325 542 1379 scriptura
563 1328 625 1365 est
647 1325 967 1377 τὸν-προσέφη.

247 1405 314 1449 50,
338 1394 377 1434 6.
409 1393 529 1434 Adde
551 1394 594 1433 in
615 1394 655 1433 A
675 1393 734 1447 gl.
757 1393 941 1433 interlin.
965 1392 1033 1448 (ad
1058 1392 1278 1449 στέμματα)
1301 1393 1352 1436 ὡς
1374 1393 1610 1445 στρέμματα.

246 1472 313 1515 51,
336 1475 376 1513 4.
399 1472 438 1515 5.
470 1463 610 1514 λοιγόν
640 1465 681 1502 et
715 1462 882 1504 Παλλάς
913 1476 992 1502 om.
1019 1461 1083 1500 A:
1115 1461 1270 1501 babenb
1301 1460 1372 1501 alii
1400 1464 1448 1501 ut
1479 1460 1624 1501 statim
1655 1474 1718 1501 se-

187 1529 331 1584 quitur
355 1529 481 1570 etiam
507 1529 660 1583 inipso
683 1530 722 1569 A
755 1530 817 1570 ἐπὶ
847 1530 920 1579 μὲν
949 1529 994 1569 τὸ
1025 1529 1164 1582 λοιγὸν
1191 1530 1330 1581 ἀμῦναι
1356 1529 1511 1578 στίζειν,
1539 1543 1623 1569 11011
1656 1529 1718 1569 ἐπὶ

188 1599 262 1648 μὲν
283 1597 326 1638 τὸ
350 1598 491 1649 ἀμῦναι
514 1598 673 1647 στίζειν.

245 1676 314 1720 51,
341 1679 358 1706 1
372 1679 407 1707 1.
441 1666 503 1706 καὶ
522 1664 672 1716 Ἀθηνᾶ
692 1665 802 1706 delet
824 1666 1062 1706 Roemerus.

246 1744 313 1788 53,
339 1744 406 1787 25.
451 1732 508 1775 ἐπ’
546 1732 761 1790 ἀμύμονας]
796 1734 1093 1786 μεταλαμβάνει
1130 1736 1181 1778 εἷς
1212 1735 1256 1774 τὸ
1289 1733 1346 1775 ἐπ’
1381 1734 1581 1785 ἀμύμονας
1613 1734 1716 1774 Rib-

187 1801 371 1844 beckius.

246 1871 313 1924 56,
339 1883 374 1913 2.
408 1871 537 1912 Recte
563 1871 689 1912 habet
716 1870 826 1925 quod
854 1875 916 1912 est
942 1870 986 1910 in
1007 1872 1046 1911 A
1069 1870 1363 1922 ἀποβλέποντα,
1397 1871 1448 1911 ad
1480 1870 1623 1922 ἔντομα
1653 1883 1715 1911 re-

186 1938 417 1989 ferendum,
438 1943 487 1980 ut
508 1939 649 1980 docuit
671 1939 896 1980 Roemerus
921 1939 1069 1980 collato
1091 1939 1312 1980 scholiasia
1332 1938 1549 1993 Apollonii
1572 1938 1652 1979 Rh.
1681 1951 1715 1988 1,

187 2006 284 2060 584.
313 2007 375 2048 καὶ
399 2010 522 2060 πρηνῆ
543 2007 638 2059 πρὸς
658 2008 729 2058 τὴν
749 2010 822 2060 γῆν
844 2009 989 2059 ὁρῶντα
1011 2007 1192 2063 (ἔντομα)
1215 2007 1449 2060 σφάζουσιν.

244 2075 312 2130 56,
337 2076 405 2118 28.
438 2077 499 2116 καὶ
519 2077 670 2129 γίνεται
692 2075 884 2116 additum
905 2091 955 2116 ex
977 2076 1085 2117 Ven.
1109 2076 1161 2126 B,
1183 2090 1264 2130 quo
1285 2090 1368 2116 non
1389 2090 1505 2129 opus.

244 2154 311 2198 59,
328 2157 369 2196 4.
402 2144 465 2185 καὶ
486 2145 527 2185 ἐν
548 2145 695 2200 οὐρανῷ
718 2144 827 2185 delet
841 2144 1068 2185 Roemerus
1088 2149 1257 2199 propter
1278 2144 1459 2185 rationes
1480 2143 1525 2183 in
1547 2157 1720 2184 censura

187 2212 394 2266 expositas
418 2227 458 2266 p.
475 2212 575 2264 448.

245 2281 312 2330 60,
339 2293 404 2336 13.
435 2279 586 2332 7‘7‘'Hpa
605 2279 713 2338 τότε]
740 2281 809 2322 Sic
833 2281 935 2323 Ven.
958 2282 995 2322 B
1015 2300 1022 2324 :
1046 2280 1157 2335 ‘'Hpa
1179 2282 1267 2322 Sine
1288 2282 1311 2333 ἡ
1333 2284 1376 2322 et
1396 2282 1485 2322 τότε
1507 2280 1616 2321 Ven.
1638 2280 1690 2322 A.

245 2349 313 2398 62,
341 2361 405 2390 11.
438 2348 613 2389 Lemma
634 2355 740 2402 σφοῦ
762 2364 829 2390 0111
850 2351 902 2391 A.

245 2417 313 2467 62,
340 2417 404 2458 18.
439 2416 741 2474 ἐπανίστασθαι]
776 2419 906 2459 Recte
938 2418 1120 2460 Cobetus
1156 2418 1317 2459 Mnem.
1352 2431 1483 2458 novae
1512 2416 1591 2459 vol.
1613 2429 1641 2466 4
1673 2431 1714 2469 p.

190 2488 271 2538 278
292 2486 592 2536 ὑπανίστασθαι,
620 2486 769 2528 collato
791 2486 983 2542 Xenoph.
1006 2487 1135 2529 Mem.
1160 2500 1198 2537 2,
1220 2500 1261 2541 3,
1290 2486 1362 2528 161
1400 2487 1445 2526 οὐ
1475 2487 1549 2538 γὰρ
1568 2501 1715 2525 παντα-

187 2557 262 2608 χοῦ
311 2555 506 2605 νομίζεται
556 2554 623 2595 τὸν
668 2557 856 2607 νεώτερον
905 2557 957 2611 τῷ
1007 2555 1260 2610 πρεσβυτέρῳ
1312 2554 1525 2606 καθήμενον
1568 2555 1714 2594 ὑπανα-

189 2625 339 2674 στῆναι.

246 2691 316 2746 63,
340 2700 406 2744 25.
447 2690 647 2743 περιάπτει
682 2694 745 2732 est
769 2692 815 2732 in
844 2693 952 2733 Ven.
985 2692 1021 2732 B
1057 2695 1100 2732 ef,
1135 2691 1264 2745 Lips.‚
1306 2690 1376 2731 sed
1411 2690 1629 2743 προσάπτει
1669 2689 1716 2729 in

187 2759 295 2800 Ven.
317 2759 370 2799 A.

248 2827 314 2876 66,
340 2839 478 2869 22—2
483 2837 522 2880 5.
555 2828 791 2869 Delendum
811 2829 888 2870 hoc
910 2828 1106 2878 scholion,
1130 2827 1240 2883 quod
1260 2828 1424 2869 Veneto
1445 2828 1483 2867 A
1505 2826 1612 2867 male
1642 2826 1714 2866 ad-

189 2895 356 2949 scripsit
378 2895 607 2936 Bekkerus.
669 2896 848 2951 Legitur
868 2896 913 2937 in
933 2897 1041 2937 Ven.
1065 2897 1100 2936 B
1123 2899 1166 2936 et
1188 2896 1302 2950 Lips.

248 2963 314 3016 67,
342 2964 405 3005 16.
439 2964 493 3004 In
515 2970 658 3007 annot.
680 2980 753 3019 pro
774 2967 848 3019 πρὸ
870 2967 939 3017 τὴν
961 2980 1062 3007 corr.
1085 2965 1155 3015 τὴν
1178 2965 1285 3017 πρὸς.
