1959 3319
788 140 999 181 ADDEN
1003 141 1096 180 DA.
1627 141 1711 180 413

247 255 341 297 170,
365 245 402 285 8.
436 243 631 285 Scholion
673 242 892 297 Porphyrii
934 244 978 283 in
1020 243 1107 284 cod.
1146 243 1258 285 Scor.
1302 244 1531 296 Πορφυρίου
1572 245 1624 285 εἰς
1664 244 1708 284 τὸ

185 315 328 365 (ίὲμεῖο
350 315 392 354 δὲ
413 315 530 364 δῆσεν
550 313 641 364 ἆρῆς
673 313 843 365 ἀλκτῆρα
874 311 1098 365 γενέσθαι.”
1158 313 1242 353 Οὐκ
1275 313 1359 353 ἔστι
1389 312 1432 352 τὸ
1464 312 1603 363 ἔδησεν
1633 314 1708 352 ἀπὸ

184 385 252 422 τοῦ
283 385 442 433 δεσμοῦ,
473 381 551 423 οὐδ’
579 381 704 434 ’Ἄρης
735 383 755 422 ὁ
785 383 957 432 πόλεμος
988 384 1056 422 νῦν
1085 380 1108 432 ἢ
1140 381 1238 430 θεὸς,
1272 381 1379 421 ἀλλὰ
1409 380 1453 420 τὸ
1487 382 1561 430 μὲν
1592 380 1709 431 ἔδησε

185 451 281 490 κατὰ
311 450 513 503 συγκοπὴν
534 451 681 502 ἐδέησε.
741 451 1032 503 περισπαστέον
1062 452 1103 491 δὲ
1133 449 1177 490 τὸ
1210 450 1313 501 ἀρῆς,
1337 448 1385 490 ἵν’
1408 447 1432 505 ᾗ
1463 448 1635 500 βλάβης,
1659 449 1710 491 ὡς

178 518 227 560 ,τὸ
261 523 283 540 “
298 517 454 571 Μέντορ
485 520 630 570 ἄμυνον
661 518 798 572 ἆρήν.”
858 521 950 570 ἐμοῦ
981 520 1053 571 γὰρ
1085 518 1220 569 ἐδέησε
1253 519 1313 559 καὶ
1349 519 1486 571 χρείαν
1517 517 1612 571 ἔσχε
1644 520 1710 569 τῆς

183 586 345 638 βλάβης
365 587 516 639 βοηθὸν
536 589 657 641 ἔχειν.

243 655 338 706 188,
363 668 544 698 10—21.
582 656 695 697 Haec
731 655 934 697 Heracliti
963 655 1088 696 verba
1120 658 1367 709 repetuntur
1396 653 1506 694 infra
1535 669 1575 707 p.
1610 662 1709 705 225,

188 736 368 779 13—24.

244 806 338 847 191,
361 807 429 849 30.
457 793 698 845 ἐκκυκλήσας
719 793 868 835 Cobeti
889 792 1122 834 emendatio
1143 796 1206 833 est
1226 806 1300 846 pro
1321 791 1576 844 ἐγκυκλήσας.

242 875 336 917 203,
360 876 399 918 3.
432 862 553 903 Prius
569 863 618 905 ὡς
639 877 719 903 om.
742 863 792 903 B.

242 943 339 981 222,
363 944 429 986 23.
460 929 709 987 Ἀχίλλειον]
733 932 940 984 ἆχιλλεῖον
962 931 1011 970 Β.

242 1000 337 1054 256,
360 1014 398 1055 3.
431 1001 695 1052 κατηγορῆσαι
731 1013 781 1040 ex
819 999 946 1039 Paris.
983 1008 1082 1054 915.
1145 998 1197 1038 In
1232 999 1267 1038 Β
1299 1002 1362 1039 cst
1394 1001 1707 1051 κατασυνηγορῆ-

180 1086 260 1110 σαι.

239 1151 336 1193 309.
368 1137 468 1178 Post
499 1137 572 1179 lin.
612 1151 675 1187 12,
713 1137 867 1179 excidit-
906 1138 1015 1192 quod
1056 1137 1099 1176 in
1144 1137 1178 1176 B
1219 1135 1476 1189 adscriptum
1517 1139 1580 1177 cst
1620 1137 1707 1177 sinc

181 1206 376 1247 lemmate
411 1206 594 1247 scholion
630 1207 927 1260 ἀμφιχυθέντες,
959 1207 1255 1257 περιλαβόντες.
1318 1204 1484 1258 Duplex
1516 1205 1559 1244 in
1591 1205 1708 1246 libris

181 1275 398 1330 scriptura,
420 1275 559 1325 altera,
582 1290 685 1330 quac
713 1279 775 1316 est
806 1275 851 1315 in
872 1275 977 1315 Vcn.
1002 1276 1041 1314 A
1062 1274 1234 1329 aliisque
1266 1275 1556 1325 ἀμφιβαλόντε,
1578 1274 1709 1315 altera

182 1345 492 1397 ἀμφιβαλόντες.
554 1343 717 1384 Tertiae
754 1344 979 1398 scripturae
1022 1343 1307 1397 ἇμφιχυθέι·τες
1342 1342 1407 1383 vcl
1443 1343 1708 1396 ἇμφιχυθέντε

181 1412 422 1454 memoriam
458 1413 639 1454 servavit
677 1412 782 1453 Ven.
821 1413 869 1461 B,
912 1412 956 1452 in
992 1427 1073 1466 quo
1114 1411 1402 1465 ἇμφιχυθέντες
1441 1425 1514 1464 per
1547 1416 1708 1462 περιλα-

180 1483 320 1532 βόντες
351 1482 594 1535 explicatur.
654 1481 812 1522 Eodem
842 1481 981 1522 tendit
1013 1480 1233 1522 scholiasta
1263 1480 1414 1521 codicis
1435 1479 1706 1530 Townleiani‚

181 1550 252 1604 qui
292 1552 343 1591 ad
386 1551 682 1603 ἇμφιλαβόντες
726 1550 947 1604 adscripsit
988 1565 1037 1591 cx
1080 1549 1159 1592 Od.
1203 1550 1267 1600 16,
1312 1562 1395 1601 224
1437 1549 1709 1602 ((ἀμφιχυθεὶς

182 1618 315 1672 πατέρ’
337 1618 523 1669 ἐσθλόν,”
546 1618 617 1659 ubi
639 1619 747 1673 quod
770 1619 880 1660 inter
901 1619 1055 1660 scholia
1085 1622 1335 1660 annotatum
1366 1621 1429 1659 cst
1449 1617 1709 1671 Ἀρίσταρχος

181 1686 427 1742 ἀμφιχυθείς,
461 1688 519 1744 (ct
550 1688 592 1727 in
624 1687 682 1741 gl.
719 1687 922 1742 Hesychii
954 1689 1213 1742 ἁμφιχυθείςε
1254 1686 1522 1741 περιπλακείς)
1554 1685 1707 1726 indicio

182 1761 244 1797 est
275 1756 318 1796 in
347 1756 441 1797 aliis
470 1755 587 1797 libris
617 1756 772 1797 lectum
802 1756 927 1798 fuisse
959 1758 1215 1810 ἀμφιβαλών,
1246 1756 1355 1811 quod
1386 1754 1494 1796 vidit
1525 1754 1707 1795 Cobetus

181 1825 342 1866 Mnem.
365 1840 493 1866 novae
514 1825 595 1868 vol.
619 1839 646 1876 4
668 1841 707 1879 p.
732 1836 827 1879 273.
