<?xml version="1.0" encoding="UTF-8"?>
<!DOCTYPE html PUBLIC "-//W3C//DTD XHTML 1.0 Transitional//EN"
    "http://www.w3.org/TR/xhtml1/DTD/xhtml1-transitional.dtd">
<html xmlns="http://www.w3.org/1999/xhtml" xml:lang="en" lang="en">
 <head>
  <title>
</title>
<meta http-equiv="Content-Type" content="text/html;charset=utf-8" />
  <meta name='ocr-system' content='tesseract 3.04.00' />
  <meta name='ocr-capabilities' content='ocr_page ocr_carea ocr_par ocr_line ocrx_word'/>
</head>
<body>
  <div class='ocr_page' id='page_1' title='image "./scholiagraecainh04homeuoft_0417.png"; bbox 0 0 1959 3319; ppageno 0'>
   <div class='ocr_carea' id='block_1_1' title="bbox 794 148 1705 190">
    <p class='ocr_par' dir='ltr' id='par_1_1' title="bbox 794 148 1705 190">
     <span class='ocr_line' id='line_1_1' title="bbox 794 148 1705 190; baseline -0.001 0"><span class='ocrx_word' id='word_1_1' title='bbox 794 148 1102 190; x_wconf 88' lang='lat' dir='ltr'><strong>ADDENDA.</strong></span> <span class='ocrx_word' id='word_1_2' title='bbox 1624 151 1674 189; x_wconf 83' lang='lat'>41</span> <span class='ocrx_word' id='word_1_3' title='bbox 1684 151 1705 189; x_wconf 87' lang='lat'>1</span> 
     </span>
    </p>
   </div>
   <div class='ocr_carea' id='block_1_2' title="bbox 183 249 1721 3045">
    <p class='ocr_par' dir='ltr' id='par_1_2' title="bbox 183 249 1708 374">
     <span class='ocr_line' id='line_1_2' title="bbox 183 249 1708 306; baseline -0.001 -13"><span class='ocrx_word' id='word_1_4' title='bbox 183 256 246 293; x_wconf 73' lang='lat' dir='ltr'>est</span> <span class='ocrx_word' id='word_1_5' title='bbox 266 253 376 306; x_wconf 82' lang='lat' dir='ltr'>apud</span> <span class='ocrx_word' id='word_1_6' title='bbox 398 251 643 293; x_wconf 73' lang='lat' dir='ltr'><strong>Strabonem</strong></span> <span class='ocrx_word' id='word_1_7' title='bbox 674 263 723 290; x_wconf 86' lang='lat'>10</span> <span class='ocrx_word' id='word_1_8' title='bbox 744 265 784 304; x_wconf 89' lang='lat' dir='ltr'>p.</span> <span class='ocrx_word' id='word_1_9' title='bbox 807 263 890 305; x_wconf 84' lang='lat'>449</span> <span class='ocrx_word' id='word_1_10' title='bbox 913 254 955 291; x_wconf 74' lang='lat' dir='ltr'>et</span> <span class='ocrx_word' id='word_1_11' title='bbox 977 250 1132 291; x_wconf 75' lang='lat' dir='ltr'>Athen.</span> <span class='ocrx_word' id='word_1_12' title='bbox 1160 260 1181 302; x_wconf 92' lang='lat'><strong><em>7</em></strong></span> <span class='ocrx_word' id='word_1_13' title='bbox 1204 265 1244 304; x_wconf 84' lang='lat' dir='ltr'>p.</span> <span class='ocrx_word' id='word_1_14' title='bbox 1271 249 1367 302; x_wconf 82' lang='grc'>278.</span> <span class='ocrx_word' id='word_1_15' title='bbox 1428 249 1567 291; x_wconf 84' lang='lat' dir='ltr'>Verba</span> <span class='ocrx_word' id='word_1_16' title='bbox 1589 251 1708 291; x_wconf 86' lang='grc' dir='ltr'>ἵππον</span> 
     </span>
     <span class='ocr_line' id='line_1_3' title="bbox 185 319 1226 374; baseline -0.003 -12"><span class='ocrx_word' id='word_1_17' title='bbox 185 321 441 372; x_wconf 75' lang='grc' dir='ltr'>Θεσσαλικὴν</span> <span class='ocrx_word' id='word_1_18' title='bbox 466 319 684 361; x_wconf 77' lang='lat' dir='ltr'>scholiasta</span> <span class='ocrx_word' id='word_1_19' title='bbox 705 320 825 360; x_wconf 68' lang='lat' dir='ltr'>afferb</span> <span class='ocrx_word' id='word_1_20' title='bbox 846 319 954 360; x_wconf 85' lang='lat' dir='ltr'>infra</span> <span class='ocrx_word' id='word_1_21' title='bbox 974 334 1014 374; x_wconf 89' lang='lat' dir='ltr'>p.</span> <span class='ocrx_word' id='word_1_22' title='bbox 1041 328 1133 371; x_wconf 86' lang='lat'>147,</span> <span class='ocrx_word' id='word_1_23' title='bbox 1158 332 1226 373; x_wconf 92' lang='grc'>33.</span> 
     </span>
    </p>

    <p class='ocr_par' dir='ltr' id='par_1_3' title="bbox 183 385 1708 512">
     <span class='ocr_line' id='line_1_4' title="bbox 245 385 1708 443; baseline -0.001 -13"><span class='ocrx_word' id='word_1_24' title='bbox 245 399 340 443; x_wconf 83' lang='grc'>152,</span> <span class='ocrx_word' id='word_1_25' title='bbox 364 401 546 443; x_wconf 86' lang='grc'>20-29.</span> <span class='ocrx_word' id='word_1_26' title='bbox 578 389 736 429; x_wconf 81' lang='lat' dir='ltr'>Eadem</span> <span class='ocrx_word' id='word_1_27' title='bbox 761 388 960 442; x_wconf 78' lang='lat' dir='ltr'>leguntur</span> <span class='ocrx_word' id='word_1_28' title='bbox 980 387 1091 442; x_wconf 84' lang='lat' dir='ltr'>apud</span> <span class='ocrx_word' id='word_1_29' title='bbox 1114 387 1287 427; x_wconf 80' lang='lat' dir='ltr'>Suidam</span> <span class='ocrx_word' id='word_1_30' title='bbox 1310 402 1339 428; x_wconf 91' lang='lat' dir='ltr'>s.</span> <span class='ocrx_word' id='word_1_31' title='bbox 1360 401 1399 427; x_wconf 89' lang='lat' dir='ltr'>v.</span> <span class='ocrx_word' id='word_1_32' title='bbox 1421 385 1634 439; x_wconf 81' lang='grc' dir='ltr'>Ἀφροδίτη</span> <span class='ocrx_word' id='word_1_33' title='bbox 1666 391 1708 428; x_wconf 69' lang='lat' dir='ltr'>cl,</span> 
     </span>
     <span class='ocr_line' id='line_1_5' title="bbox 183 455 1344 512; baseline -0.002 -15"><span class='ocrx_word' id='word_1_34' title='bbox 183 457 293 512; x_wconf 86' lang='lat' dir='ltr'>apud</span> <span class='ocrx_word' id='word_1_35' title='bbox 315 457 522 498; x_wconf 80' lang='lat' dir='ltr'>Codinun]</span> <span class='ocrx_word' id='word_1_36' title='bbox 547 457 596 498; x_wconf 84' lang='lat' dir='ltr'>dc</span> <span class='ocrx_word' id='word_1_37' title='bbox 618 457 852 511; x_wconf 81' lang='lat' dir='ltr'>originibus</span> <span class='ocrx_word' id='word_1_38' title='bbox 874 455 1190 509; x_wconf 69' lang='lat' dir='ltr'>Constantinop.</span> <span class='ocrx_word' id='word_1_39' title='bbox 1212 470 1252 509; x_wconf 85' lang='lat' dir='ltr'>p.</span> <span class='ocrx_word' id='word_1_40' title='bbox 1279 468 1344 507; x_wconf 88' lang='lat'>14.</span> 
     </span>
    </p>

    <p class='ocr_par' dir='ltr' id='par_1_4' title="bbox 183 524 1712 852">
     <span class='ocr_line' id='line_1_6' title="bbox 244 524 1711 580; baseline -0.003 -13"><span class='ocrx_word' id='word_1_41' title='bbox 244 538 337 580; x_wconf 89' lang='grc'>203,</span> <span class='ocrx_word' id='word_1_42' title='bbox 375 539 411 566; x_wconf 94' lang='grc'>1.</span> <span class='ocrx_word' id='word_1_43' title='bbox 447 539 483 567; x_wconf 91' lang='grc'>2.</span> <span class='ocrx_word' id='word_1_44' title='bbox 527 525 724 566; x_wconf 84' lang='lat' dir='ltr'>Scholion</span> <span class='ocrx_word' id='word_1_45' title='bbox 764 524 987 580; x_wconf 87' lang='lat' dir='ltr'>Porphyrii</span> <span class='ocrx_word' id='word_1_46' title='bbox 1027 539 1077 565; x_wconf 80' lang='lat' dir='ltr'>ex</span> <span class='ocrx_word' id='word_1_47' title='bbox 1117 539 1197 578; x_wconf 91' lang='lat' dir='ltr'>quo</span> <span class='ocrx_word' id='word_1_48' title='bbox 1238 524 1337 564; x_wconf 80' lang='lat' dir='ltr'>haec</span> <span class='ocrx_word' id='word_1_49' title='bbox 1378 526 1571 576; x_wconf 63' lang='lat' dir='ltr'>excerpssa</span> <span class='ocrx_word' id='word_1_50' title='bbox 1612 526 1711 564; x_wconf 69' lang='lat' dir='ltr'>sunl]</span> 
     </span>
     <span class='ocr_line' id='line_1_7' title="bbox 184 592 1710 647; baseline -0.003 -12"><span class='ocrx_word' id='word_1_51' title='bbox 184 593 365 635; x_wconf 72' lang='lat' dir='ltr'>servavit</span> <span class='ocrx_word' id='word_1_52' title='bbox 394 593 482 636; x_wconf 80' lang='lat' dir='ltr'>cod.</span> <span class='ocrx_word' id='word_1_53' title='bbox 517 595 628 635; x_wconf 87' lang='lat' dir='ltr'>Scor.</span> <span class='ocrx_word' id='word_1_54' title='bbox 669 595 907 647; x_wconf 85' lang='grc' dir='ltr'>Πορφυρίου.</span> <span class='ocrx_word' id='word_1_55' title='bbox 956 594 1147 634; x_wconf 84' lang='grc' dir='ltr'>ἀδύνατόν</span> <span class='ocrx_word' id='word_1_56' title='bbox 1182 599 1311 644; x_wconf 83' lang='grc' dir='ltr'>φασιν</span> <span class='ocrx_word' id='word_1_57' title='bbox 1347 592 1446 632; x_wconf 73' lang='grc' dir='ltr'>εἶναι</span> <span class='ocrx_word' id='word_1_58' title='bbox 1482 595 1710 642; x_wconf 82' lang='grc' dir='ltr'>τηλικοῦτον</span> 
     </span>
     <span class='ocr_line' id='line_1_8' title="bbox 185 660 1712 715; baseline -0.002 -13"><span class='ocrx_word' id='word_1_59' title='bbox 185 662 298 714; x_wconf 88' lang='grc' dir='ltr'>κέρας</span> <span class='ocrx_word' id='word_1_60' title='bbox 329 662 437 715; x_wconf 82' lang='grc' dir='ltr'>αἰγὸς</span> <span class='ocrx_word' id='word_1_61' title='bbox 467 663 661 715; x_wconf 87' lang='grc' dir='ltr'>γενέσθαι,</span> <span class='ocrx_word' id='word_1_62' title='bbox 695 663 744 704; x_wconf 87' lang='grc' dir='ltr'>ὡς</span> <span class='ocrx_word' id='word_1_63' title='bbox 777 662 874 703; x_wconf 74' lang='grc' dir='ltr'>εἶναι</span> <span class='ocrx_word' id='word_1_64' title='bbox 911 662 1114 702; x_wconf 80' lang='grc' dir='ltr'>ἑκκαίδεκα</span> <span class='ocrx_word' id='word_1_65' title='bbox 1144 664 1387 701; x_wconf 74' lang='grc' dir='ltr'>παλαιστῶν.</span> <span class='ocrx_word' id='word_1_66' title='bbox 1448 661 1513 700; x_wconf 87' lang='grc' dir='ltr'>δύο</span> <span class='ocrx_word' id='word_1_67' title='bbox 1545 662 1617 712; x_wconf 77' lang='grc' dir='ltr'>γὰρ</span> <span class='ocrx_word' id='word_1_68' title='bbox 1649 660 1712 700; x_wconf 86' lang='grc' dir='ltr'>καὶ</span> 
     </span>
     <span class='ocr_line' id='line_1_9' title="bbox 183 727 1712 785; baseline -0.002 -14"><span class='ocrx_word' id='word_1_69' title='bbox 183 731 343 782; x_wconf 84' lang='grc' dir='ltr'>ἡμίσεος</span> <span class='ocrx_word' id='word_1_70' title='bbox 372 735 510 785; x_wconf 83' lang='grc' dir='ltr'>πηχῶν</span> <span class='ocrx_word' id='word_1_71' title='bbox 541 731 608 772; x_wconf 82' lang='grc' dir='ltr'>οὐκ</span> <span class='ocrx_word' id='word_1_72' title='bbox 631 731 680 771; x_wconf 83' lang='grc' dir='ltr'>ἂν</span> <span class='ocrx_word' id='word_1_73' title='bbox 701 730 853 783; x_wconf 81' lang='grc' dir='ltr'>γένοιτο</span> <span class='ocrx_word' id='word_1_74' title='bbox 886 730 1010 781; x_wconf 83' lang='grc' dir='ltr'>κέρας.</span> <span class='ocrx_word' id='word_1_75' title='bbox 1071 730 1206 769; x_wconf 85' lang='grc' dir='ltr'>λύεται</span> <span class='ocrx_word' id='word_1_76' title='bbox 1236 730 1278 769; x_wconf 83' lang='grc' dir='ltr'>δὲ</span> <span class='ocrx_word' id='word_1_77' title='bbox 1310 729 1351 768; x_wconf 84' lang='grc' dir='ltr'>ἐκ</span> <span class='ocrx_word' id='word_1_78' title='bbox 1383 730 1447 779; x_wconf 87' lang='grc' dir='ltr'>τῆς</span> <span class='ocrx_word' id='word_1_79' title='bbox 1478 727 1633 778; x_wconf 80' lang='grc' dir='ltr'>λέξεως·</span> <span class='ocrx_word' id='word_1_80' title='bbox 1667 729 1712 768; x_wconf 88' lang='grc' dir='ltr'>οὐ</span> 
     </span>
     <span class='ocr_line' id='line_1_10' title="bbox 184 798 1062 852; baseline -0.003 -12"><span class='ocrx_word' id='word_1_81' title='bbox 184 803 260 852; x_wconf 76' lang='grc' dir='ltr'>γὰρ</span> <span class='ocrx_word' id='word_1_82' title='bbox 283 800 326 840; x_wconf 83' lang='grc' dir='ltr'>ἓν</span> <span class='ocrx_word' id='word_1_83' title='bbox 347 799 470 852; x_wconf 86' lang='grc' dir='ltr'>κέρας,</span> <span class='ocrx_word' id='word_1_84' title='bbox 495 799 583 840; x_wconf 86' lang='grc' dir='ltr'>ἀλλ’</span> <span class='ocrx_word' id='word_1_85' title='bbox 607 800 722 852; x_wconf 78' lang='grc' dir='ltr'>ἄμφω</span> <span class='ocrx_word' id='word_1_86' title='bbox 746 798 1062 850; x_wconf 79' lang='grc' dir='ltr'>ἑκκαιδεκάδωρα.</span> 
     </span>
    </p>

    <p class='ocr_par' dir='ltr' id='par_1_5' title="bbox 245 865 1303 924">
     <span class='ocr_line' id='line_1_11' title="bbox 245 865 1303 924; baseline -0.003 -15"><span class='ocrx_word' id='word_1_87' title='bbox 245 880 340 923; x_wconf 88' lang='grc'>209,</span> <span class='ocrx_word' id='word_1_88' title='bbox 367 881 431 909; x_wconf 91' lang='lat'>11.</span> <span class='ocrx_word' id='word_1_89' title='bbox 464 865 708 924; x_wconf 85' lang='grc' dir='ltr'>ἀφείθησαν]</span> <span class='ocrx_word' id='word_1_90' title='bbox 735 867 803 906; x_wconf 87' lang='lat' dir='ltr'>Sic</span> <span class='ocrx_word' id='word_1_91' title='bbox 825 865 966 920; x_wconf 82' lang='lat' dir='ltr'>scripsi</span> <span class='ocrx_word' id='word_1_92' title='bbox 988 880 1061 920; x_wconf 89' lang='lat' dir='ltr'>pro</span> <span class='ocrx_word' id='word_1_93' title='bbox 1084 865 1303 918; x_wconf 82' lang='grc' dir='ltr'>ἀφέθησαν.</span> 
     </span>
    </p>

    <p class='ocr_par' dir='ltr' id='par_1_6' title="bbox 245 935 989 990">
     <span class='ocr_line' id='line_1_12' title="bbox 245 935 989 990; baseline -0.004 -12"><span class='ocrx_word' id='word_1_94' title='bbox 245 949 339 987; x_wconf 84' lang='grc'>214,</span> <span class='ocrx_word' id='word_1_95' title='bbox 365 949 432 990; x_wconf 83' lang='grc'>29.</span> <span class='ocrx_word' id='word_1_96' title='bbox 465 935 584 976; x_wconf 87' lang='lat' dir='ltr'>Conf.</span> <span class='ocrx_word' id='word_1_97' title='bbox 606 935 804 976; x_wconf 67' lang='lat' dir='ltr'>Eustath.</span> <span class='ocrx_word' id='word_1_98' title='bbox 828 950 867 989; x_wconf 87' lang='lat' dir='ltr'>p.</span> <span class='ocrx_word' id='word_1_99' title='bbox 890 945 989 987; x_wconf 83' lang='lat'>477.</span> 
     </span>
    </p>

    <p class='ocr_par' dir='ltr' id='par_1_7' title="bbox 245 1000 1491 1059">
     <span class='ocr_line' id='line_1_13' title="bbox 245 1000 1491 1059; baseline -0.003 -13"><span class='ocrx_word' id='word_1_100' title='bbox 245 1004 340 1046; x_wconf 81' lang='lat'>218.</span> <span class='ocrx_word' id='word_1_101' title='bbox 372 1003 492 1044; x_wconf 82' lang='lat' dir='ltr'>Adde</span> <span class='ocrx_word' id='word_1_102' title='bbox 513 1007 667 1053; x_wconf 62' lang='lat' dir='ltr'>annot„</span> <span class='ocrx_word' id='word_1_103' title='bbox 692 1016 760 1058; x_wconf 89' lang='grc'>30.</span> <span class='ocrx_word' id='word_1_104' title='bbox 791 1000 1098 1059; x_wconf 39' lang='grc' dir='ltr'>ἥσημάντορας]</span> <span class='ocrx_word' id='word_1_105' title='bbox 1122 1003 1211 1045; x_wconf 84' lang='grc' dir='ltr'>τοὺς</span> <span class='ocrx_word' id='word_1_106' title='bbox 1233 1002 1491 1053; x_wconf 80' lang='grc' dir='ltr'>σημάντορας.</span> 
     </span>
    </p>

    <p class='ocr_par' dir='ltr' id='par_1_8' title="bbox 184 1068 1717 1402">
     <span class='ocr_line' id='line_1_14' title="bbox 245 1068 1714 1127; baseline -0.002 -13"><span class='ocrx_word' id='word_1_107' title='bbox 245 1082 342 1126; x_wconf 84' lang='grc'>225,</span> <span class='ocrx_word' id='word_1_108' title='bbox 366 1085 434 1112; x_wconf 86' lang='grc'>21.</span> <span class='ocrx_word' id='word_1_109' title='bbox 462 1071 676 1124; x_wconf 68' lang='grc' dir='ltr'>“Ηρο’δοτος</span> <span class='ocrx_word' id='word_1_110' title='bbox 712 1074 752 1112; x_wconf 84' lang='grc' dir='ltr'>δὲ</span> <span class='ocrx_word' id='word_1_111' title='bbox 790 1074 836 1112; x_wconf 76' lang='grc' dir='ltr'>τὰ</span> <span class='ocrx_word' id='word_1_112' title='bbox 867 1071 1081 1124; x_wconf 84' lang='grc' dir='ltr'>τετράποδα</span> <span class='ocrx_word' id='word_1_113' title='bbox 1111 1068 1260 1127; x_wconf 85' lang='grc' dir='ltr'>πάντα]</span> <span class='ocrx_word' id='word_1_114' title='bbox 1295 1071 1348 1110; x_wconf 87' lang='lat' dir='ltr'>In</span> <span class='ocrx_word' id='word_1_115' title='bbox 1378 1070 1470 1110; x_wconf 78' lang='lat' dir='ltr'>aliis</span> <span class='ocrx_word' id='word_1_116' title='bbox 1505 1069 1714 1111; x_wconf 76' lang='lat' dir='ltr'>codicibus</span> 
     </span>
     <span class='ocr_line' id='line_1_15' title="bbox 184 1137 1712 1193; baseline -0.001 -11"><span class='ocrx_word' id='word_1_117' title='bbox 184 1141 394 1193; x_wconf 66' lang='grc' dir='ltr'>ἹΙρόὸικος</span> <span class='ocrx_word' id='word_1_118' title='bbox 414 1141 480 1182; x_wconf 84' lang='lat' dir='ltr'>vcl</span> <span class='ocrx_word' id='word_1_119' title='bbox 500 1140 755 1193; x_wconf 71' lang='grc' dir='ltr'>&lt;Ηρωδιανός.</span> <span class='ocrx_word' id='word_1_120' title='bbox 818 1141 946 1181; x_wconf 79' lang='lat' dir='ltr'>Recte</span> <span class='ocrx_word' id='word_1_121' title='bbox 978 1140 1021 1180; x_wconf 89' lang='lat' dir='ltr'>in</span> <span class='ocrx_word' id='word_1_122' title='bbox 1045 1140 1080 1179; x_wconf 86' lang='lat' dir='ltr'><strong>B</strong></span> <span class='ocrx_word' id='word_1_123' title='bbox 1103 1142 1145 1180; x_wconf 71' lang='lat' dir='ltr'>ct</span> <span class='ocrx_word' id='word_1_124' title='bbox 1171 1139 1286 1193; x_wconf 87' lang='lat' dir='ltr'>Lips.</span> <span class='ocrx_word' id='word_1_125' title='bbox 1310 1138 1466 1191; x_wconf 65' lang='lat' dir='ltr'>legitur</span> <span class='ocrx_word' id='word_1_126' title='bbox 1485 1137 1712 1191; x_wconf 71' lang='grc' dir='ltr'>“Ηρόδοτος,</span> 
     </span>
     <span class='ocr_line' id='line_1_16' title="bbox 186 1208 1717 1264; baseline -0.002 -14"><span class='ocrx_word' id='word_1_127' title='bbox 186 1210 294 1264; x_wconf 89' lang='lat' dir='ltr'>quod</span> <span class='ocrx_word' id='word_1_128' title='bbox 319 1209 568 1250; x_wconf 71' lang='lat' dir='ltr'>Eustathius</span> <span class='ocrx_word' id='word_1_129' title='bbox 599 1224 759 1264; x_wconf 87' lang='lat' dir='ltr'>quoquc</span> <span class='ocrx_word' id='word_1_130' title='bbox 790 1209 897 1262; x_wconf 70' lang='lat' dir='ltr'>legit</span> <span class='ocrx_word' id='word_1_131' title='bbox 927 1224 967 1262; x_wconf 84' lang='lat' dir='ltr'>p.</span> <span class='ocrx_word' id='word_1_132' title='bbox 996 1209 1115 1263; x_wconf 77' lang='lat'>1649,</span> <span class='ocrx_word' id='word_1_133' title='bbox 1141 1222 1176 1262; x_wconf 84' lang='lat'>9,</span> <span class='ocrx_word' id='word_1_134' title='bbox 1201 1209 1270 1248; x_wconf 89' lang='lat' dir='ltr'>scd</span> <span class='ocrx_word' id='word_1_135' title='bbox 1301 1211 1398 1247; x_wconf 79' lang='lat' dir='ltr'>anto</span> <span class='ocrx_word' id='word_1_136' title='bbox 1428 1209 1475 1247; x_wconf 80' lang='grc' dir='ltr'>τὰ</span> <span class='ocrx_word' id='word_1_137' title='bbox 1502 1208 1717 1258; x_wconf 83' lang='grc' dir='ltr'>τετράποδα</span> 
     </span>
     <span class='ocr_line' id='line_1_17' title="bbox 187 1275 1715 1332; baseline -0.003 -13"><span class='ocrx_word' id='word_1_138' title='bbox 187 1279 342 1320; x_wconf 71' lang='lat' dir='ltr'>excidit,</span> <span class='ocrx_word' id='word_1_139' title='bbox 382 1281 576 1332; x_wconf 83' lang='grc' dir='ltr'>πρόβατα.</span> <span class='ocrx_word' id='word_1_140' title='bbox 651 1279 766 1319; x_wconf 84' lang='lat' dir='ltr'>Nam</span> <span class='ocrx_word' id='word_1_141' title='bbox 810 1278 1049 1319; x_wconf 76' lang='lat' dir='ltr'>Herodotus</span> <span class='ocrx_word' id='word_1_142' title='bbox 1091 1292 1293 1332; x_wconf 80' lang='lat' dir='ltr'>nusquam</span> <span class='ocrx_word' id='word_1_143' title='bbox 1335 1279 1441 1328; x_wconf 84' lang='grc' dir='ltr'>μῆλα</span> <span class='ocrx_word' id='word_1_144' title='bbox 1482 1275 1603 1326; x_wconf 58' lang='lat' dir='ltr'>dixit„</span> <span class='ocrx_word' id='word_1_145' title='bbox 1646 1276 1715 1316; x_wconf 86' lang='lat' dir='ltr'>scd</span> 
     </span>
     <span class='ocr_line' id='line_1_18' title="bbox 188 1347 979 1402; baseline -0.003 -14"><span class='ocrx_word' id='word_1_146' title='bbox 188 1347 356 1388; x_wconf 85' lang='lat' dir='ltr'>nominc</span> <span class='ocrx_word' id='word_1_147' title='bbox 376 1347 560 1402; x_wconf 79' lang='lat' dir='ltr'>genera-li</span> <span class='ocrx_word' id='word_1_148' title='bbox 582 1349 763 1399; x_wconf 83' lang='grc' dir='ltr'>πρόβατα</span> <span class='ocrx_word' id='word_1_149' title='bbox 784 1362 881 1387; x_wconf 82' lang='lat' dir='ltr'>usus</span> <span class='ocrx_word' id='word_1_150' title='bbox 904 1351 979 1387; x_wconf 75' lang='lat' dir='ltr'>cst.</span> 
     </span>
    </p>

    <p class='ocr_par' dir='ltr' id='par_1_9' title="bbox 189 1413 1715 1540">
     <span class='ocr_line' id='line_1_19' title="bbox 247 1413 1715 1474; baseline -0.004 -15"><span class='ocrx_word' id='word_1_151' title='bbox 247 1417 342 1466; x_wconf 85' lang='lat'>261,</span> <span class='ocrx_word' id='word_1_152' title='bbox 372 1430 434 1459; x_wconf 91' lang='lat'>10.</span> <span class='ocrx_word' id='word_1_153' title='bbox 467 1414 663 1474; x_wconf 83' lang='grc' dir='ltr'>εὑρήσεις]</span> <span class='ocrx_word' id='word_1_154' title='bbox 692 1416 800 1457; x_wconf 78' lang='lat' dir='ltr'>Vide</span> <span class='ocrx_word' id='word_1_155' title='bbox 821 1420 962 1456; x_wconf 71' lang='lat' dir='ltr'>annot.</span> <span class='ocrx_word' id='word_1_156' title='bbox 985 1416 1036 1455; x_wconf 85' lang='lat' dir='ltr'>ad</span> <span class='ocrx_word' id='word_1_157' title='bbox 1060 1414 1138 1456; x_wconf 91' lang='lat' dir='ltr'>vol.</span> <span class='ocrx_word' id='word_1_158' title='bbox 1162 1429 1189 1465; x_wconf 78' lang='lat'>4</span> <span class='ocrx_word' id='word_1_159' title='bbox 1210 1430 1250 1468; x_wconf 83' lang='lat' dir='ltr'>p.</span> <span class='ocrx_word' id='word_1_160' title='bbox 1275 1428 1339 1469; x_wconf 90' lang='grc'>13,</span> <span class='ocrx_word' id='word_1_161' title='bbox 1364 1414 1415 1456; x_wconf 78' lang='grc'>28</span> <span class='ocrx_word' id='word_1_162' title='bbox 1438 1413 1508 1454; x_wconf 80' lang='lat' dir='ltr'>ubi</span> <span class='ocrx_word' id='word_1_163' title='bbox 1531 1413 1715 1455; x_wconf 86' lang='lat' dir='ltr'>scholion</span> 
     </span>
     <span class='ocr_line' id='line_1_20' title="bbox 189 1485 976 1540; baseline -0.001 -14"><span class='ocrx_word' id='word_1_164' title='bbox 189 1486 265 1526; x_wconf 91' lang='lat' dir='ltr'>hoc</span> <span class='ocrx_word' id='word_1_165' title='bbox 287 1485 509 1540; x_wconf 87' lang='lat' dir='ltr'>Porphyrii</span> <span class='ocrx_word' id='word_1_166' title='bbox 531 1485 756 1540; x_wconf 76' lang='lat' dir='ltr'>repetitum</span> <span class='ocrx_word' id='word_1_167' title='bbox 778 1490 839 1526; x_wconf 77' lang='lat' dir='ltr'>cst</span> <span class='ocrx_word' id='word_1_168' title='bbox 862 1485 905 1525; x_wconf 90' lang='lat' dir='ltr'>in</span> <span class='ocrx_word' id='word_1_169' title='bbox 928 1486 976 1525; x_wconf 85' lang='lat' dir='ltr'>B.</span> 
     </span>
    </p>

    <p class='ocr_par' dir='ltr' id='par_1_10' title="bbox 188 1551 1719 1810">
     <span class='ocr_line' id='line_1_21' title="bbox 249 1551 1717 1609; baseline -0.003 -14"><span class='ocrx_word' id='word_1_170' title='bbox 249 1565 346 1606; x_wconf 83' lang='lat'><em>270,</em></span> <span class='ocrx_word' id='word_1_171' title='bbox 371 1568 409 1609; x_wconf 91' lang='lat'>9.</span> <span class='ocrx_word' id='word_1_172' title='bbox 444 1553 640 1595; x_wconf 86' lang='lat' dir='ltr'>Scholion</span> <span class='ocrx_word' id='word_1_173' title='bbox 662 1553 885 1608; x_wconf 81' lang='lat' dir='ltr'>Porphyrii</span> <span class='ocrx_word' id='word_1_174' title='bbox 909 1556 1119 1594; x_wconf 76' lang='lat' dir='ltr'>servatum</span> <span class='ocrx_word' id='word_1_175' title='bbox 1142 1556 1205 1593; x_wconf 71' lang='lat' dir='ltr'>cst</span> <span class='ocrx_word' id='word_1_176' title='bbox 1227 1552 1271 1592; x_wconf 93' lang='lat' dir='ltr'>in</span> <span class='ocrx_word' id='word_1_177' title='bbox 1292 1551 1379 1592; x_wconf 87' lang='lat' dir='ltr'>cod.</span> <span class='ocrx_word' id='word_1_178' title='bbox 1404 1552 1516 1592; x_wconf 88' lang='lat' dir='ltr'>Scor.</span> <span class='ocrx_word' id='word_1_179' title='bbox 1558 1555 1717 1604; x_wconf 85' lang='grc' dir='ltr'>Πορφυ-</span> 
     </span>
     <span class='ocr_line' id='line_1_22' title="bbox 188 1620 1717 1675; baseline -0.002 -12"><span class='ocrx_word' id='word_1_180' title='bbox 188 1624 284 1675; x_wconf 90' lang='grc' dir='ltr'>ρίου.</span> <span class='ocrx_word' id='word_1_181' title='bbox 325 1623 370 1663; x_wconf 88' lang='grc' dir='ltr'>τὸ</span> <span class='ocrx_word' id='word_1_182' title='bbox 400 1626 596 1675; x_wconf 84' lang='grc' dir='ltr'>τρυφερῶς</span> <span class='ocrx_word' id='word_1_183' title='bbox 630 1623 679 1665; x_wconf 86' lang='grc' dir='ltr'>ὡς</span> <span class='ocrx_word' id='word_1_184' title='bbox 710 1622 917 1665; x_wconf 84' lang='grc' dir='ltr'>πελειάδας</span> <span class='ocrx_word' id='word_1_185' title='bbox 948 1623 1183 1674; x_wconf 87' lang='grc' dir='ltr'>πορεύεσθαι</span> <span class='ocrx_word' id='word_1_186' title='bbox 1215 1620 1393 1673; x_wconf 84' lang='grc' dir='ltr'>ἀπρεπές.</span> <span class='ocrx_word' id='word_1_187' title='bbox 1435 1621 1569 1660; x_wconf 88' lang='grc' dir='ltr'>λύεται</span> <span class='ocrx_word' id='word_1_188' title='bbox 1601 1621 1642 1660; x_wconf 82' lang='grc' dir='ltr'>δὲ</span> <span class='ocrx_word' id='word_1_189' title='bbox 1675 1621 1717 1660; x_wconf 87' lang='grc' dir='ltr'>ἐκ</span> 
     </span>
     <span class='ocr_line' id='line_1_23' title="bbox 190 1688 1719 1743; baseline -0.001 -13"><span class='ocrx_word' id='word_1_190' title='bbox 190 1693 256 1741; x_wconf 81' lang='grc' dir='ltr'>τῆς</span> <span class='ocrx_word' id='word_1_191' title='bbox 297 1691 450 1742; x_wconf 76' lang='grc' dir='ltr'>λέξεως·</span> <span class='ocrx_word' id='word_1_192' title='bbox 497 1693 544 1732; x_wconf 81' lang='grc' dir='ltr'>τὰ</span> <span class='ocrx_word' id='word_1_193' title='bbox 585 1693 660 1743; x_wconf 78' lang='grc' dir='ltr'>γὰρ</span> <span class='ocrx_word' id='word_1_194' title='bbox 700 1693 841 1742; x_wconf 83' lang='grc' dir='ltr'>’ίθματα</span> <span class='ocrx_word' id='word_1_195' title='bbox 883 1691 950 1731; x_wconf 84' lang='grc' dir='ltr'>οὐκ</span> <span class='ocrx_word' id='word_1_196' title='bbox 988 1690 1098 1731; x_wconf 82' lang='grc' dir='ltr'>ἔστιν</span> <span class='ocrx_word' id='word_1_197' title='bbox 1138 1692 1240 1743; x_wconf 85' lang='grc' dir='ltr'>ἴχνη,</span> <span class='ocrx_word' id='word_1_198' title='bbox 1285 1689 1373 1729; x_wconf 83' lang='grc' dir='ltr'>ἀλλ’</span> <span class='ocrx_word' id='word_1_199' title='bbox 1414 1688 1616 1740; x_wconf 81' lang='grc' dir='ltr'>ὁρμήματα</span> <span class='ocrx_word' id='word_1_200' title='bbox 1658 1690 1719 1729; x_wconf 84' lang='grc' dir='ltr'>καὶ</span> 
     </span>
     <span class='ocr_line' id='line_1_24' title="bbox 190 1758 362 1810; baseline 0 -10"><span class='ocrx_word' id='word_1_201' title='bbox 190 1758 362 1810; x_wconf 84' lang='grc' dir='ltr'>πτήσεις.</span> 
     </span>
    </p>

    <p class='ocr_par' dir='ltr' id='par_1_11' title="bbox 190 1826 1719 2291">
     <span class='ocr_line' id='line_1_25' title="bbox 250 1826 1717 1883; baseline -0.003 -13"><span class='ocrx_word' id='word_1_202' title='bbox 250 1838 345 1880; x_wconf 87' lang='grc'>270,</span> <span class='ocrx_word' id='word_1_203' title='bbox 369 1841 437 1883; x_wconf 90' lang='grc'>30.</span> <span class='ocrx_word' id='word_1_204' title='bbox 469 1828 730 1882; x_wconf 82' lang='grc' dir='ltr'>Ἀρίσταρχος</span> <span class='ocrx_word' id='word_1_205' title='bbox 767 1829 924 1880; x_wconf 83' lang='grc' dir='ltr'>τείρετο,</span> <span class='ocrx_word' id='word_1_206' title='bbox 964 1830 1001 1869; x_wconf 77' lang='grc' dir='ltr'>αἱ</span> <span class='ocrx_word' id='word_1_207' title='bbox 1042 1829 1083 1868; x_wconf 84' lang='grc' dir='ltr'>δὲ</span> <span class='ocrx_word' id='word_1_208' title='bbox 1126 1827 1247 1868; x_wconf 86' lang='grc' dir='ltr'>κοιναὶ</span> <span class='ocrx_word' id='word_1_209' title='bbox 1288 1828 1459 1879; x_wconf 81' lang='grc' dir='ltr'>τρίβετο.</span> <span class='ocrx_word' id='word_1_210' title='bbox 1521 1826 1599 1867; x_wconf 58' lang='lat' dir='ltr'>Esn</span> <span class='ocrx_word' id='word_1_211' title='bbox 1639 1826 1717 1867; x_wconf 84' lang='lat' dir='ltr'>hoc</span> 
     </span>
     <span class='ocr_line' id='line_1_26' title="bbox 190 1895 1715 1951; baseline -0.001 -15"><span class='ocrx_word' id='word_1_212' title='bbox 190 1896 346 1950; x_wconf 84' lang='lat' dir='ltr'>primae</span> <span class='ocrx_word' id='word_1_213' title='bbox 373 1911 520 1937; x_wconf 83' lang='lat' dir='ltr'>manus</span> <span class='ocrx_word' id='word_1_214' title='bbox 546 1897 743 1947; x_wconf 84' lang='lat' dir='ltr'>scholion,</span> <span class='ocrx_word' id='word_1_215' title='bbox 767 1897 877 1951; x_wconf 87' lang='lat' dir='ltr'>quod</span> <span class='ocrx_word' id='word_1_216' title='bbox 908 1897 1062 1950; x_wconf 79' lang='lat' dir='ltr'>pariter</span> <span class='ocrx_word' id='word_1_217' title='bbox 1082 1895 1238 1949; x_wconf 73' lang='lat' dir='ltr'>legitur</span> <span class='ocrx_word' id='word_1_218' title='bbox 1269 1895 1313 1935; x_wconf 87' lang='lat' dir='ltr'>in</span> <span class='ocrx_word' id='word_1_219' title='bbox 1345 1895 1501 1937; x_wconf 83' lang='lat' dir='ltr'>Townl.</span> <span class='ocrx_word' id='word_1_220' title='bbox 1524 1899 1566 1936; x_wconf 72' lang='lat' dir='ltr'>ct</span> <span class='ocrx_word' id='word_1_221' title='bbox 1589 1896 1715 1949; x_wconf 87' lang='lat' dir='ltr'>Lips.‚</span> 
     </span>
     <span class='ocr_line' id='line_1_27' title="bbox 190 1964 1718 2017; baseline -0.001 -11"><span class='ocrx_word' id='word_1_222' title='bbox 190 1980 336 2006; x_wconf 83' lang='lat' dir='ltr'>verum</span> <span class='ocrx_word' id='word_1_223' title='bbox 362 1980 445 2007; x_wconf 91' lang='lat' dir='ltr'>non</span> <span class='ocrx_word' id='word_1_224' title='bbox 470 1981 642 2007; x_wconf 80' lang='lat' dir='ltr'>numero</span> <span class='ocrx_word' id='word_1_225' title='bbox 673 1981 746 2006; x_wconf 83' lang='lat' dir='ltr'>suo</span> <span class='ocrx_word' id='word_1_226' title='bbox 778 1969 984 2015; x_wconf 74' lang='lat' dir='ltr'>notatum,</span> <span class='ocrx_word' id='word_1_227' title='bbox 1014 1966 1083 2005; x_wconf 86' lang='lat' dir='ltr'>scd</span> <span class='ocrx_word' id='word_1_228' title='bbox 1115 1968 1231 2005; x_wconf 75' lang='lat' dir='ltr'>extra</span> <span class='ocrx_word' id='word_1_229' title='bbox 1262 1964 1407 2005; x_wconf 82' lang='lat' dir='ltr'>scriem</span> <span class='ocrx_word' id='word_1_230' title='bbox 1439 1964 1559 2017; x_wconf 79' lang='lat' dir='ltr'>signo</span> <span class='ocrx_word' id='word_1_231' title='bbox 1584 1978 1645 2013; x_wconf 54' lang='lat' dir='ltr'>J,</span> <span class='ocrx_word' id='word_1_232' title='bbox 1668 1965 1718 2005; x_wconf 83' lang='lat' dir='ltr'>dc</span> 
     </span>
     <span class='ocr_line' id='line_1_28' title="bbox 192 2033 1717 2089; baseline -0.001 -15"><span class='ocrx_word' id='word_1_233' title='bbox 192 2048 272 2087; x_wconf 89' lang='lat' dir='ltr'>quo</span> <span class='ocrx_word' id='word_1_234' title='bbox 307 2033 395 2074; x_wconf 84' lang='lat' dir='ltr'>dixi</span> <span class='ocrx_word' id='word_1_235' title='bbox 431 2035 474 2074; x_wconf 88' lang='grc'>111</span> <span class='ocrx_word' id='word_1_236' title='bbox 510 2039 652 2075; x_wconf 76' lang='lat' dir='ltr'>annot.</span> <span class='ocrx_word' id='word_1_237' title='bbox 685 2035 737 2074; x_wconf 82' lang='lat' dir='ltr'>ad</span> <span class='ocrx_word' id='word_1_238' title='bbox 768 2034 847 2076; x_wconf 91' lang='lat' dir='ltr'>vol.</span> <span class='ocrx_word' id='word_1_239' title='bbox 882 2048 906 2089; x_wconf 89' lang='grc'>3</span> <span class='ocrx_word' id='word_1_240' title='bbox 940 2050 977 2088; x_wconf 90' lang='lat' dir='ltr'>p.</span> <span class='ocrx_word' id='word_1_241' title='bbox 1013 2034 1110 2087; x_wconf 70' lang='grc'>265,</span> <span class='ocrx_word' id='word_1_242' title='bbox 1140 2046 1208 2088; x_wconf 89' lang='grc'>31,</span> <span class='ocrx_word' id='word_1_243' title='bbox 1240 2036 1281 2073; x_wconf 74' lang='lat' dir='ltr'>ct</span> <span class='ocrx_word' id='word_1_244' title='bbox 1314 2033 1494 2073; x_wconf 72' lang='lat' dir='ltr'>medium</span> <span class='ocrx_word' id='word_1_245' title='bbox 1532 2033 1717 2086; x_wconf 70' lang='lat' dir='ltr'>positum</span> 
     </span>
     <span class='ocr_line' id='line_1_29' title="bbox 192 2101 1719 2157; baseline -0.001 -15"><span class='ocrx_word' id='word_1_246' title='bbox 192 2101 301 2142; x_wconf 73' lang='lat' dir='ltr'>inter</span> <span class='ocrx_word' id='word_1_247' title='bbox 341 2103 497 2143; x_wconf 84' lang='lat' dir='ltr'>scholia</span> <span class='ocrx_word' id='word_1_248' title='bbox 527 2118 720 2143; x_wconf 77' lang='lat' dir='ltr'>versuum</span> <span class='ocrx_word' id='word_1_249' title='bbox 756 2104 837 2145; x_wconf 83' lang='lat'>802</span> <span class='ocrx_word' id='word_1_250' title='bbox 872 2107 911 2143; x_wconf 74' lang='lat' dir='ltr'>ct</span> <span class='ocrx_word' id='word_1_251' title='bbox 944 2103 1039 2157; x_wconf 80' lang='lat'>803.</span> <span class='ocrx_word' id='word_1_252' title='bbox 1102 2102 1154 2141; x_wconf 92' lang='lat' dir='ltr'>In</span> <span class='ocrx_word' id='word_1_253' title='bbox 1191 2101 1347 2142; x_wconf 77' lang='lat' dir='ltr'>scholio</span> <span class='ocrx_word' id='word_1_254' title='bbox 1382 2101 1719 2155; x_wconf 72' lang='lat' dir='ltr'>intcrnmrginali</span> 
     </span>
     <span class='ocr_line' id='line_1_30' title="bbox 192 2170 1719 2227; baseline -0.001 -16"><span class='ocrx_word' id='word_1_255' title='bbox 192 2170 344 2211; x_wconf 72' lang='lat' dir='ltr'>Veneti</span> <span class='ocrx_word' id='word_1_256' title='bbox 370 2172 410 2212; x_wconf 95' lang='lat' dir='ltr'>A</span> <span class='ocrx_word' id='word_1_257' title='bbox 440 2171 491 2212; x_wconf 84' lang='lat' dir='ltr'>ad</span> <span class='ocrx_word' id='word_1_258' title='bbox 517 2187 555 2212; x_wconf 91' lang='lat' dir='ltr'>v.</span> <span class='ocrx_word' id='word_1_259' title='bbox 581 2182 676 2227; x_wconf 89' lang='lat'><strong>797.</strong></span> <span class='ocrx_word' id='word_1_260' title='bbox 705 2171 862 2226; x_wconf 68' lang='lat' dir='ltr'>legitur</span> <span class='ocrx_word' id='word_1_261' title='bbox 891 2171 1153 2224; x_wconf 80' lang='grc' dir='ltr'>Ἀρίσταρχος</span> <span class='ocrx_word' id='word_1_262' title='bbox 1184 2172 1235 2226; x_wconf 74' lang='grc' dir='ltr'>τῷ</span> <span class='ocrx_word' id='word_1_263' title='bbox 1267 2171 1426 2222; x_wconf 87' lang='grc' dir='ltr'>τείρετο,</span> <span class='ocrx_word' id='word_1_264' title='bbox 1454 2170 1569 2210; x_wconf 81' lang='grc' dir='ltr'>ἄλλοι</span> <span class='ocrx_word' id='word_1_265' title='bbox 1595 2170 1636 2211; x_wconf 85' lang='grc' dir='ltr'>δὲ</span> <span class='ocrx_word' id='word_1_266' title='bbox 1668 2172 1719 2225; x_wconf 70' lang='grc' dir='ltr'>τῷ</span> 
     </span>
     <span class='ocr_line' id='line_1_31' title="bbox 194 2241 364 2291; baseline 0 -11"><span class='ocrx_word' id='word_1_267' title='bbox 194 2241 364 2291; x_wconf 82' lang='grc' dir='ltr'>τρίβετο.</span> 
     </span>
    </p>

    <p class='ocr_par' dir='ltr' id='par_1_12' title="bbox 194 2309 1721 2633">
     <span class='ocr_line' id='line_1_32' title="bbox 252 2309 1721 2364; baseline -0.001 -13"><span class='ocrx_word' id='word_1_268' title='bbox 252 2321 348 2364; x_wconf 85' lang='grc'>292,</span> <span class='ocrx_word' id='word_1_269' title='bbox 370 2323 408 2363; x_wconf 90' lang='lat'>9.</span> <span class='ocrx_word' id='word_1_270' title='bbox 442 2309 637 2351; x_wconf 86' lang='lat' dir='ltr'>Scholion</span> <span class='ocrx_word' id='word_1_271' title='bbox 669 2309 893 2363; x_wconf 78' lang='lat' dir='ltr'>Porphyrii</span> <span class='ocrx_word' id='word_1_272' title='bbox 924 2313 987 2350; x_wconf 70' lang='lat' dir='ltr'>cst</span> <span class='ocrx_word' id='word_1_273' title='bbox 1019 2309 1060 2349; x_wconf 87' lang='lat' dir='ltr'>in</span> <span class='ocrx_word' id='word_1_274' title='bbox 1092 2309 1180 2349; x_wconf 89' lang='lat' dir='ltr'>cod.</span> <span class='ocrx_word' id='word_1_275' title='bbox 1205 2310 1317 2349; x_wconf 86' lang='lat' dir='ltr'>Scor.</span> <span class='ocrx_word' id='word_1_276' title='bbox 1344 2309 1570 2360; x_wconf 75' lang='grc' dir='ltr'>Πορφυρίων</span> <span class='ocrx_word' id='word_1_277' title='bbox 1597 2310 1650 2351; x_wconf 85' lang='grc' dir='ltr'>εἰς</span> <span class='ocrx_word' id='word_1_278' title='bbox 1677 2310 1721 2349; x_wconf 84' lang='grc' dir='ltr'>τὸ</span> 
     </span>
     <span class='ocr_line' id='line_1_33' title="bbox 195 2375 1720 2432; baseline -0.001 -14"><span class='ocrx_word' id='word_1_279' title='bbox 195 2382 218 2400; x_wconf 88' lang='grc'>“</span> <span class='ocrx_word' id='word_1_280' title='bbox 232 2377 317 2428; x_wconf 86' lang='grc' dir='ltr'>ἤτοι</span> <span class='ocrx_word' id='word_1_281' title='bbox 339 2379 359 2418; x_wconf 88' lang='grc' dir='ltr'>ὁ</span> <span class='ocrx_word' id='word_1_282' title='bbox 381 2379 458 2419; x_wconf 76' lang='grc' dir='ltr'>κὰπ</span> <span class='ocrx_word' id='word_1_283' title='bbox 479 2380 611 2419; x_wconf 86' lang='grc' dir='ltr'>πεδίον</span> <span class='ocrx_word' id='word_1_284' title='bbox 631 2378 675 2419; x_wconf 83' lang='grc' dir='ltr'>τὸ</span> <span class='ocrx_word' id='word_1_285' title='bbox 696 2377 860 2429; x_wconf 77' lang='grc' dir='ltr'>Ἀλήϊον</span> <span class='ocrx_word' id='word_1_286' title='bbox 882 2378 961 2421; x_wconf 76' lang='grc' dir='ltr'>οἶος</span> <span class='ocrx_word' id='word_1_287' title='bbox 983 2379 1119 2424; x_wconf 86' lang='grc' dir='ltr'>ἀλᾶτο,</span> <span class='ocrx_word' id='word_1_288' title='bbox 1146 2376 1151 2432; x_wconf 79' lang='grc' dir='ltr'>Ι</span> <span class='ocrx_word' id='word_1_289' title='bbox 1181 2377 1225 2418; x_wconf 81' lang='grc' dir='ltr'>ὃν</span> <span class='ocrx_word' id='word_1_290' title='bbox 1247 2377 1370 2427; x_wconf 80' lang='grc' dir='ltr'>θυμὸν</span> <span class='ocrx_word' id='word_1_291' title='bbox 1392 2375 1570 2425; x_wconf 78' lang='grc' dir='ltr'>κατέδων,</span> <span class='ocrx_word' id='word_1_292' title='bbox 1595 2376 1720 2417; x_wconf 86' lang='grc' dir='ltr'>πάτον</span> 
     </span>
     <span class='ocr_line' id='line_1_34' title="bbox 194 2443 1721 2497; baseline -0.001 -11"><span class='ocrx_word' id='word_1_293' title='bbox 194 2447 407 2497; x_wconf 83' lang='grc' dir='ltr'>ἀνθρώπων</span> <span class='ocrx_word' id='word_1_294' title='bbox 428 2446 653 2488; x_wconf 83' lang='grc' dir='ltr'>ἀλεείνων.”</span> <span class='ocrx_word' id='word_1_295' title='bbox 715 2449 792 2488; x_wconf 76' lang='grc' dir='ltr'>Διὰ</span> <span class='ocrx_word' id='word_1_296' title='bbox 815 2448 854 2486; x_wconf 88' lang='grc' dir='ltr'>τί</span> <span class='ocrx_word' id='word_1_297' title='bbox 872 2448 941 2487; x_wconf 70' lang='grc' dir='ltr'>οὖν</span> <span class='ocrx_word' id='word_1_298' title='bbox 961 2445 1151 2496; x_wconf 79' lang='grc' dir='ltr'>Ἀλήϊον;</span> <span class='ocrx_word' id='word_1_299' title='bbox 1187 2445 1261 2496; x_wconf 75' lang='grc' dir='ltr'>ἀρά</span> <span class='ocrx_word' id='word_1_300' title='bbox 1281 2462 1326 2496; x_wconf 85' lang='grc' dir='ltr'>γε</span> <span class='ocrx_word' id='word_1_301' title='bbox 1357 2446 1459 2495; x_wconf 80' lang='grc' dir='ltr'>παρὰ</span> <span class='ocrx_word' id='word_1_302' title='bbox 1480 2443 1524 2483; x_wconf 84' lang='grc' dir='ltr'>τὸ</span> <span class='ocrx_word' id='word_1_303' title='bbox 1546 2445 1721 2496; x_wconf 77' lang='grc' dir='ltr'>ἄσπορον</span> 
     </span>
     <span class='ocr_line' id='line_1_35' title="bbox 196 2512 1717 2568; baseline -0.001 -14"><span class='ocrx_word' id='word_1_304' title='bbox 196 2515 258 2554; x_wconf 89' lang='grc' dir='ltr'>καὶ</span> <span class='ocrx_word' id='word_1_305' title='bbox 278 2514 330 2565; x_wconf 80' lang='grc' dir='ltr'>μὴ</span> <span class='ocrx_word' id='word_1_306' title='bbox 353 2515 446 2568; x_wconf 85' lang='grc' dir='ltr'>ἔχου</span> <span class='ocrx_word' id='word_1_307' title='bbox 466 2515 582 2566; x_wconf 84' lang='grc' dir='ltr'>λήϊα;</span> <span class='ocrx_word' id='word_1_308' title='bbox 616 2516 802 2566; x_wconf 85' lang='grc' dir='ltr'>οὐδαμῶς·</span> <span class='ocrx_word' id='word_1_309' title='bbox 836 2514 927 2554; x_wconf 83' lang='grc' dir='ltr'>ἀλλ’</span> <span class='ocrx_word' id='word_1_310' title='bbox 950 2516 991 2554; x_wconf 85' lang='grc' dir='ltr'>ἐκ</span> <span class='ocrx_word' id='word_1_311' title='bbox 1012 2517 1079 2554; x_wconf 82' lang='grc' dir='ltr'>τοῦ</span> <span class='ocrx_word' id='word_1_312' title='bbox 1100 2514 1184 2554; x_wconf 80' lang='grc' dir='ltr'>οἶον</span> <span class='ocrx_word' id='word_1_313' title='bbox 1205 2512 1322 2553; x_wconf 82' lang='grc' dir='ltr'>αὐτὸν</span> <span class='ocrx_word' id='word_1_314' title='bbox 1346 2513 1389 2552; x_wconf 83' lang='grc' dir='ltr'>ἐν</span> <span class='ocrx_word' id='word_1_315' title='bbox 1410 2512 1508 2566; x_wconf 74' lang='grc' dir='ltr'>αὐτῷ</span> <span class='ocrx_word' id='word_1_316' title='bbox 1533 2513 1717 2553; x_wconf 82' lang='grc' dir='ltr'>ἀλᾶσθαι.</span> 
     </span>
     <span class='ocr_line' id='line_1_36' title="bbox 196 2581 1545 2633; baseline -0.002 -10"><span class='ocrx_word' id='word_1_317' title='bbox 196 2583 258 2623; x_wconf 86' lang='grc' dir='ltr'>καὶ</span> <span class='ocrx_word' id='word_1_318' title='bbox 278 2584 318 2623; x_wconf 92' lang='grc' dir='ltr'>τί</span> <span class='ocrx_word' id='word_1_319' title='bbox 336 2583 403 2623; x_wconf 72' lang='grc' dir='ltr'>οὖν</span> <span class='ocrx_word' id='word_1_320' title='bbox 424 2583 466 2622; x_wconf 84' lang='grc' dir='ltr'>τὸ</span> <span class='ocrx_word' id='word_1_321' title='bbox 488 2583 571 2623; x_wconf 77' lang='grc' dir='ltr'>οἶον</span> <span class='ocrx_word' id='word_1_322' title='bbox 592 2584 762 2623; x_wconf 83' lang='grc' dir='ltr'>ἀλᾶσθαι</span> <span class='ocrx_word' id='word_1_323' title='bbox 784 2584 946 2633; x_wconf 74' lang='grc' dir='ltr'>ζητεῖται</span> <span class='ocrx_word' id='word_1_324' title='bbox 966 2582 1090 2623; x_wconf 86' lang='grc' dir='ltr'>πάτον</span> <span class='ocrx_word' id='word_1_325' title='bbox 1112 2582 1323 2633; x_wconf 80' lang='grc' dir='ltr'>ἀνθρώπων</span> <span class='ocrx_word' id='word_1_326' title='bbox 1346 2581 1545 2621; x_wconf 82' lang='grc' dir='ltr'>ἀλεείνων.</span> 
     </span>
    </p>

    <p class='ocr_par' dir='ltr' id='par_1_13' title="bbox 255 2648 988 2708">
     <span class='ocr_line' id='line_1_37' title="bbox 255 2648 988 2708; baseline 0 -17"><span class='ocrx_word' id='word_1_327' title='bbox 255 2663 351 2705; x_wconf 69' lang='grc'>294,</span> <span class='ocrx_word' id='word_1_328' title='bbox 375 2663 441 2705; x_wconf 84' lang='grc'>23.</span> <span class='ocrx_word' id='word_1_329' title='bbox 474 2650 526 2690; x_wconf 86' lang='lat'>11.</span> <span class='ocrx_word' id='word_1_330' title='bbox 553 2648 625 2708; x_wconf 83' lang='lat'>12]</span> <span class='ocrx_word' id='word_1_331' title='bbox 650 2651 822 2704; x_wconf 73' lang='lat' dir='ltr'>Coi-rige</span> <span class='ocrx_word' id='word_1_332' title='bbox 846 2650 897 2691; x_wconf 90' lang='lat' dir='ltr'>Il.</span> <span class='ocrx_word' id='word_1_333' title='bbox 922 2663 988 2692; x_wconf 84' lang='lat'>21.</span> 
     </span>
    </p>

    <p class='ocr_par' dir='ltr' id='par_1_14' title="bbox 195 2715 1719 2843">
     <span class='ocr_line' id='line_1_38' title="bbox 254 2715 1719 2775; baseline 0 -17"><span class='ocrx_word' id='word_1_334' title='bbox 254 2731 349 2773; x_wconf 83' lang='lat'><strong>303.</strong></span> <span class='ocrx_word' id='word_1_335' title='bbox 381 2719 435 2758; x_wconf 91' lang='lat' dir='ltr'>In</span> <span class='ocrx_word' id='word_1_336' title='bbox 464 2723 607 2760; x_wconf 70' lang='lat' dir='ltr'>annot.</span> <span class='ocrx_word' id='word_1_337' title='bbox 639 2719 774 2759; x_wconf 82' lang='lat'>1—18</span> <span class='ocrx_word' id='word_1_338' title='bbox 802 2717 979 2775; x_wconf 81' lang='lat' dir='ltr'>Eadem]</span> <span class='ocrx_word' id='word_1_339' title='bbox 1014 2717 1186 2771; x_wconf 80' lang='lat' dir='ltr'>Corrigc</span> <span class='ocrx_word' id='word_1_340' title='bbox 1215 2730 1322 2760; x_wconf 81' lang='grc'>1-2</span> <span class='ocrx_word' id='word_1_341' title='bbox 1349 2721 1462 2758; x_wconf 81' lang='grc' dir='ltr'>τοῦτο</span> <span class='ocrx_word' id='word_1_342' title='bbox 1493 2715 1610 2773; x_wconf 80' lang='lat' dir='ltr'>(nam</span> <span class='ocrx_word' id='word_1_343' title='bbox 1641 2718 1719 2759; x_wconf 90' lang='lat' dir='ltr'>hoc</span> 
     </span>
     <span class='ocr_line' id='line_1_39' title="bbox 195 2785 1332 2843; baseline -0.002 -16"><span class='ocrx_word' id='word_1_344' title='bbox 195 2786 312 2827; x_wconf 73' lang='lat' dir='ltr'>addit</span> <span class='ocrx_word' id='word_1_345' title='bbox 335 2785 501 2843; x_wconf 79' lang='lat' dir='ltr'>Suidas)</span> <span class='ocrx_word' id='word_1_346' title='bbox 522 2787 571 2838; x_wconf 81' lang='grc' dir='ltr'>ἢν</span> <span class='ocrx_word' id='word_1_347' title='bbox 591 2786 995 2841; x_wconf 75' lang='grc' dir='ltr'>ζῴδιον-μέλλοντες</span> <span class='ocrx_word' id='word_1_348' title='bbox 1017 2790 1142 2827; x_wconf 86' lang='grc' dir='ltr'>πλεῖν.</span> <span class='ocrx_word' id='word_1_349' title='bbox 1175 2785 1332 2826; x_wconf 84' lang='lat' dir='ltr'>Eadem</span> 
     </span>
    </p>

    <p class='ocr_par' dir='ltr' id='par_1_15' title="bbox 197 2853 1720 3045">
     <span class='ocr_line' id='line_1_40' title="bbox 255 2853 1718 2910; baseline 0.001 -15"><span class='ocrx_word' id='word_1_350' title='bbox 255 2868 350 2910; x_wconf 85' lang='grc'>310,</span> <span class='ocrx_word' id='word_1_351' title='bbox 374 2863 527 2907; x_wconf 87' lang='lat'>5—11.</span> <span class='ocrx_word' id='word_1_352' title='bbox 562 2855 757 2896; x_wconf 87' lang='lat' dir='ltr'>Scholion</span> <span class='ocrx_word' id='word_1_353' title='bbox 788 2854 1008 2910; x_wconf 86' lang='lat' dir='ltr'>Porphyrii</span> <span class='ocrx_word' id='word_1_354' title='bbox 1039 2859 1102 2895; x_wconf 70' lang='lat' dir='ltr'>esi:</span> <span class='ocrx_word' id='word_1_355' title='bbox 1132 2853 1177 2894; x_wconf 91' lang='lat' dir='ltr'>in</span> <span class='ocrx_word' id='word_1_356' title='bbox 1207 2853 1295 2895; x_wconf 88' lang='lat' dir='ltr'>cod.</span> <span class='ocrx_word' id='word_1_357' title='bbox 1330 2854 1442 2895; x_wconf 88' lang='lat' dir='ltr'>Scor.</span> <span class='ocrx_word' id='word_1_358' title='bbox 1476 2856 1718 2907; x_wconf 76' lang='grc' dir='ltr'>Πορφυρίων.</span> 
     </span>
     <span class='ocr_line' id='line_1_41' title="bbox 198 2922 1720 2977; baseline 0 -14"><span class='ocrx_word' id='word_1_359' title='bbox 198 2923 363 2976; x_wconf 85' lang='grc' dir='ltr'>ἀπρεπές</span> <span class='ocrx_word' id='word_1_360' title='bbox 384 2925 469 2963; x_wconf 85' lang='grc' dir='ltr'>ἐστι</span> <span class='ocrx_word' id='word_1_361' title='bbox 491 2924 552 2963; x_wconf 85' lang='grc' dir='ltr'>καὶ</span> <span class='ocrx_word' id='word_1_362' title='bbox 574 2923 819 2975; x_wconf 84' lang='grc' dir='ltr'>ἀνάρμοστον</span> <span class='ocrx_word' id='word_1_363' title='bbox 839 2925 991 2977; x_wconf 84' lang='grc' dir='ltr'>γυναικὶ</span> <span class='ocrx_word' id='word_1_364' title='bbox 1012 2923 1056 2963; x_wconf 85' lang='grc' dir='ltr'>τὸ</span> <span class='ocrx_word' id='word_1_365' title='bbox 1077 2926 1235 2964; x_wconf 81' lang='grc' dir='ltr'>διοικεῖν</span> <span class='ocrx_word' id='word_1_366' title='bbox 1255 2922 1448 2974; x_wconf 86' lang='grc' dir='ltr'>πολέμους</span> <span class='ocrx_word' id='word_1_367' title='bbox 1469 2922 1539 2973; x_wconf 79' lang='grc' dir='ltr'>τὴν</span> <span class='ocrx_word' id='word_1_368' title='bbox 1558 2922 1720 2974; x_wconf 87' lang='grc' dir='ltr'>Ἀνδρο-</span> 
     </span>
     <span class='ocr_line' id='line_1_42' title="bbox 197 2990 1718 3045; baseline -0.001 -12"><span class='ocrx_word' id='word_1_369' title='bbox 197 2991 328 3045; x_wconf 81' lang='grc' dir='ltr'>μάχην</span> <span class='ocrx_word' id='word_1_370' title='bbox 352 2991 415 3032; x_wconf 87' lang='grc' dir='ltr'>καὶ</span> <span class='ocrx_word' id='word_1_371' title='bbox 441 2991 576 3044; x_wconf 83' lang='grc' dir='ltr'>λέγειν</span> <span class='ocrx_word' id='word_1_372' title='bbox 599 2996 622 3013; x_wconf 74' lang='lat'>‘⁴</span> <span class='ocrx_word' id='word_1_373' title='bbox 637 2990 733 3032; x_wconf 84' lang='grc' dir='ltr'>λαὸν</span> <span class='ocrx_word' id='word_1_374' title='bbox 761 2994 801 3032; x_wconf 84' lang='grc' dir='ltr'>δὲ</span> <span class='ocrx_word' id='word_1_375' title='bbox 833 2995 982 3044; x_wconf 80' lang='grc' dir='ltr'>στῆσον</span> <span class='ocrx_word' id='word_1_376' title='bbox 1013 2990 1102 3037; x_wconf 85' lang='grc' dir='ltr'>παρ’</span> <span class='ocrx_word' id='word_1_377' title='bbox 1125 2990 1311 3044; x_wconf 86' lang='grc' dir='ltr'>ἐρινεόν.”</span> <span class='ocrx_word' id='word_1_378' title='bbox 1371 2992 1394 3042; x_wconf 85' lang='grc' dir='ltr'>ἡ</span> <span class='ocrx_word' id='word_1_379' title='bbox 1415 2992 1525 3034; x_wconf 87' lang='grc' dir='ltr'>λύσις</span> <span class='ocrx_word' id='word_1_380' title='bbox 1550 2991 1624 3032; x_wconf 77' lang='grc' dir='ltr'>ἀπὸ</span> <span class='ocrx_word' id='word_1_381' title='bbox 1650 2995 1718 3031; x_wconf 83' lang='grc' dir='ltr'>τοῦ</span> 
     </span>
    </p>
   </div>
  </div>
 </body>
</html>
