1959 3319
230 118 316 156 400
839 108 1147 150 ADDENDA.

293 215 386 265 106,
414 224 593 267 17—19.
626 212 726 252 Non
760 211 837 252 hoc
874 210 1058 251 scholion
1090 214 1152 251 est
1184 225 1333 251 manus
1363 210 1603 251 recentioris
1633 211 1677 251 in
1707 212 1759 261 A,

230 285 299 325 sed
322 283 567 338 praecedens
590 281 662 321 lin.
690 290 741 333 15
763 283 805 320 et
830 280 895 320 16.

292 352 383 401 106,
408 364 474 405 30.
509 347 681 406 πλῆσαι]
705 348 918 390 Deleatur.

293 431 385 472 107,
410 428 475 471 25.
507 418 642 469 μηκέτι
683 420 753 457 νῦν
793 413 934 472 ταῦτα]
978 415 1237 456 Zenodotum
1276 415 1410 466 μηκέτι
1447 419 1515 456 νῦν
1556 415 1601 465 δὴ
1642 418 1763 455 ταῦτα

231 487 439 541 scripsisse
476 486 519 526 in
559 484 829 526 annotatione
869 484 970 524 dixi,
1030 483 1165 535 μηκέτι
1204 483 1248 534 δὴ
1284 486 1353 524 νῦν
1385 482 1567 523 Cobetus
1598 483 1760 523 Mnem.

232 570 363 597 novae
384 554 465 596 vol.
487 567 515 606 4
535 569 575 608 p.
601 566 697 608 239.

294 624 386 673 108,
412 635 480 665 22.
512 619 761 677 παπταίνων]
786 620 915 660 Recte
941 620 1144 660 παπταίνω
1166 620 1219 659 Α.

294 705 388 744 114,
415 691 479 732 16.
513 691 637 731 Αῧλίν
658 688 688 730 τ’
715 687 917 745 ἕσφαγον]
952 688 1076 730 Αῧλίν
1101 687 1133 728 τ’
1157 690 1194 730 ἐς
1220 690 1370 740 φεῦγον
1391 686 1574 727 Cobetus
1597 685 1758 727 BInem.

233 775 363 801 novae
385 759 466 800 vol.
489 772 517 809 4
538 774 578 812 p.
603 757 700 810 278.

295 843 311 869 1
325 838 389 881 15,
413 830 451 869 6.
484 825 672 883 Μέσσην]
697 826 751 866 In
771 826 811 866 A
832 825 995 879 plenius
1017 823 1296 876 πολυτρήρωνά
1316 841 1358 865 τε
1381 823 1565 874 Μέσσην.

295 911 311 937 1
324 908 389 951 15,
416 910 479 939 12.
514 895 714 937 Deleatur
734 895 756 946 ἡ
779 897 896 944 διπλῆ
917 894 983 934 hic
1005 897 1047 934 et
1067 892 1168 934 alibi
1189 893 1240 933 ab
1261 891 1491 933 editoribus
1516 891 1690 941 illatam,
1713 894 1763 931 ut

233 967 277 1006 in
298 966 397 1007 locis
419 965 499 1006 vol.
526 976 547 1006 2
571 979 609 1018 p.
635 963 718 1019 385
740 962 947 1003 indicatis.

295 1035 387 1084 116,
415 1034 480 1073 18.
512 1030 742 1087 ὠνομάσθη]
778 1031 830 1070 In
855 1032 896 1070 A
921 1031 1147 1082 ὠνόμασται
1179 1043 1264 1070 esse
1294 1028 1354 1069 ait
1385 1029 1624 1077 Roemerus‚
1652 1027 1763 1080 quod

233 1105 359 1145 etiam
395 1103 440 1143 in
475 1101 641 1142 scholiis
678 1100 908 1140 minoribus
943 1100 1113 1152 legitur.
1178 1098 1356 1138 Videtur
1386 1097 1520 1151 igitur
1556 1095 1762 1147 ὠνομάσθη

233 1172 464 1212 Villoisono
485 1169 636 1218 deberi,
659 1171 708 1208 ut
730 1182 852 1221 supra
872 1166 1029 1221 legitur
1050 1181 1090 1219 p.
1117 1180 1134 1206 1
1147 1175 1210 1218 15,
1235 1179 1287 1220 33
1311 1168 1353 1206 et
1374 1164 1474 1205 alibi
1495 1179 1579 1204 non
1599 1179 1703 1204 raro.

296 1240 389 1289 116,
415 1252 480 1294 23.
513 1238 683 1288 ποταμός
705 1234 809 1292 ἐστι]
843 1235 910 1276 Sic
941 1249 1025 1275 non
1056 1235 1190 1275 solum
1210 1234 1328 1283 Vill.‚
1351 1234 1420 1274 sed
1452 1233 1578 1273 etiam
1609 1231 1764 1273 scholia

235 1309 407 1349 minora.
469 1307 523 1346 In
554 1307 595 1346 A
628 1305 803 1355 ποταμὸς
836 1305 898 1345 ἔπι
929 1319 1015 1345 esse
1047 1303 1150 1344 dicit
1183 1303 1429 1352 Roemerus3
1473 1302 1583 1355 quod
1619 1301 1654 1342 si
1686 1305 1762 1351 est,

234 1376 385 1417 falsum
407 1379 483 1416 est.

297 1447 389 1497 118,
418 1459 481 1487 11.
516 1445 692 1486 ναίουσιν
715 1442 923 1483 intactum
955 1441 1104 1495 reliqui
1134 1440 1230 1495 quia
1261 1439 1506 1481 scholiastae
1537 1453 1648 1480 error
1678 1453 1764 1479 esse

234 1520 372 1571 potest
392 1528 467 1568 pro
488 1514 679 1561 πίνουσιν,
703 1511 810 1565 quod
842 1514 951 1551 recte
982 1510 1091 1564 apud
1125 1509 1374 1550 Strabonem
1399 1521 1450 1548 10
1471 1523 1512 1562 p.
1535 1521 1619 1561 449
1642 1507 1763 1548 alios-

234 1600 312 1639 que
342 1584 512 1638 legitur.
576 1580 697 1634 (Mox
723 1594 817 1620 vero
840 1594 879 1633 p.
906 1592 999 1634 119.
1025 1591 1062 1620 2.
1084 1579 1129 1618 in
1155 1579 1292 1619 verbis
1325 1577 1500 1617 Homeri
1530 1576 1659 1630 μάχας
1689 1591 1763 1630 pro

236 1652 435 1707 Μαχάονα
465 1650 646 1705 positum
678 1647 848 1696 librarii,
881 1662 964 1687 non
996 1646 1241 1688 scholiastae
1271 1661 1382 1687 error
1413 1649 1488 1696 est,
1519 1650 1568 1686 ut
1598 1660 1761 1698 praece-

234 1721 376 1763 dentia
395 1721 482 1761 eius
502 1718 627 1760 verba
657 1716 837 1769 docent).
899 1716 953 1756 In
984 1716 1161 1757 ναίουσιν
1192 1714 1400 1756 consentit
1430 1714 1538 1755 Ven.
1562 1714 1611 1754 B.
1641 1713 1760 1755 Conf.

233 1788 439 1830 Addenda
459 1788 511 1828 ad
531 1786 614 1827 vol.
639 1799 663 1840 3
686 1799 727 1838 p.
756 1797 849 1835 140,
874 1798 913 1839 9.

298 1871 388 1912 123,
416 1869 453 1899 2.
487 1852 588 1912 νοεῖ]
615 1847 695 1896 νοεῖ
718 1853 763 1909 (i.
778 1868 812 1894 e.
837 1852 1000 1909 νοεῖται)
1022 1853 1062 1892 Α
1083 1854 1205 1893 recte.

297 1937 389 1978 127,
414 1925 452 1965 6.
486 1924 586 1965 Post
617 1924 809 1977 ἀγχίαλος
839 1921 938 1962 haec
969 1920 1211 1962 exciderunt
1237 1919 1391 1960 Veneti
1420 1920 1461 1960 A
1489 1919 1637 1960 verba:
1682 1918 1761 1959 διά-

235 2002 351 2048 φοροι
375 1995 416 2034 δὲ
445 1993 506 2034 καὶ
532 1993 682 2044 ἄριστοι
710 1992 794 2031 ὄνοι
826 1991 868 2030 ἐν
890 1989 1087 2042 Ἀντρῶνι
1107 1991 1172 2040 τῆς
1196 1989 1429 2031 Θεσσαλίας
1455 1988 1641 2040 γίνονται·
1674 1988 1764 2028 ὅθεν

236 2065 298 2105 καὶ
321 2065 375 2105 εἰς
396 2062 607 2114 παροιμίαν
627 2062 830 2112 παρῆλθεν
851 2058 896 2099 τὸ
917 2059 1150 2111 Ἀντρώνιος
1171 2058 1273 2105 ὄνος,
1302 2071 1405 2110 quae
1427 2055 1555 2097 etiam
1579 2055 1624 2096 in
1644 2055 1762 2096 scho-

234 2133 303 2173 liis
324 2130 554 2171 minoribus
576 2128 789 2182 leguntur.

298 2214 312 2240 1
325 2199 389 2249 28,
415 2211 482 2240 20.
516 2197 745 2237 Deleantur
762 2196 887 2235 verba
908 2209 958 2234 ex
980 2192 1145 2234 scholiis
1162 2191 1394 2232 minoribus
1410 2190 1527 2231 illata
1542 2190 1760 2243 Ἀστέριον,

236 2272 294 2310 ὅτι
315 2267 378 2319 ἐφ’
397 2269 555 2320 ὑψηλοῦ
578 2265 661 2306 ἐστὶ
681 2266 812 2305 τόπου·
847 2264 909 2304 διὰ
932 2265 973 2303 δὲ
995 2261 1038 2302 τὸ
1061 2263 1249 2314 διαφανὲς
1271 2261 1368 2301 οὕτω
1393 2259 1588 2311 κέκληται.

298 2337 390 2385 128,
416 2348 481 2377 21.
515 2333 686 2374 τιτάνοιο
723 2333 765 2373 δὲ
801 2333 861 2372 διὰ
893 2328 956 2387 τὸ]
999 2329 1140 2371 Scribe
1178 2332 1225 2369 ut
1255 2331 1317 2369 est
1348 2327 1390 2368 in
1421 2329 1461 2368 A
1492 2326 1662 2368 τιτάνοιό
1696 2343 1760 2367 τες

236 2409 296 2447 διὰ
316 2405 372 2446 τὸ.

297 2472 388 2522 128,
414 2484 481 2514 22.
514 2470 594 2510 *rb
615 2466 776 2525 τιτάνῳ]
801 2468 852 2523 τῷ
874 2465 1013 2522 τιτάνῳ
1034 2466 1087 2506 A.

291 2542 346 2582 ib.
379 2536 639 2594 ÷÷nexpioflac]
664 2540 846 2591 χρῆσθαι.

291 2611 347 2650 ib.
379 2611 445 2651 τὰς
472 2605 614 2663 οἰκίας]
647 2610 731 2648 ταῖς
762 2605 897 2646 οἰκίαις
927 2604 974 2652 Α,
1005 2607 1053 2643 ut
1084 2602 1128 2642 in
1160 2601 1427 2641 annotatione
1458 2600 1558 2650 dixi,
1581 2614 1664 2640 non
1696 2602 1762 2642 τὰς

233 2680 368 2728 οἰκίας,
391 2681 439 2717 ut
463 2677 690 2716 Roemerus
711 2674 782 2723 ait,
806 2671 917 2727 quod
938 2686 989 2712 cx
1009 2670 1101 2711 aliis
1122 2669 1237 2711 libris
1259 2669 1382 2710 edidi.

296 2747 389 2796 128,
415 2758 480 2799 23.
513 2744 566 2783 In
598 2746 719 2784 textu
749 2742 789 2782 A
820 2754 944 2795 supra
970 2738 1177 2790 Ἀστέριον
1209 2739 1378 2792 signum
1409 2740 1472 2777 est
1503 2742 1568 2786 ᾧ,
1601 2735 1668 2776 cui
1699 2750 1760 2776 re-

233 2815 410 2869 spondet
438 2813 482 2853 in
510 2811 701 2866 margine
732 2810 843 2851 idem
874 2808 1044 2863 signum
1069 2807 1370 2862 praescriptum
1401 2805 1539 2846 verbis
1570 2804 1761 2856 διαφανὴς

234 2884 294 2925 καὶ
316 2884 377 2933 ἐφ’
398 2883 524 2934 ὕψους
546 2880 695 2932 κειμένη
718 2881 846 2922 πόλις.

294 2950 384 2999 128,
410 2958 476 3003 35.
510 2949 563 2989 In
603 2951 723 2989 textu
764 2950 826 2988 est
855 2945 1009 2998 ’Όρθηυ
1045 2958 1140 2985 cum
1176 2944 1297 2997 signo
1343 2942 1400 2997 θ,
1433 2941 1499 2983 cui
1540 2939 1760 2995 respondet
