<?xml version="1.0" encoding="UTF-8"?>
<!DOCTYPE html PUBLIC "-//W3C//DTD XHTML 1.0 Transitional//EN"
    "http://www.w3.org/TR/xhtml1/DTD/xhtml1-transitional.dtd">
<html xmlns="http://www.w3.org/1999/xhtml" xml:lang="en" lang="en">
 <head>
  <title>
</title>
<meta http-equiv="Content-Type" content="text/html;charset=utf-8" />
  <meta name='ocr-system' content='tesseract 3.04.00' />
  <meta name='ocr-capabilities' content='ocr_page ocr_carea ocr_par ocr_line ocrx_word'/>
</head>
<body>
  <div class='ocr_page' id='page_1' title='image "./scholiagraecainh04homeuoft_0407.png"; bbox 0 0 1959 3319; ppageno 0'>
   <div class='ocr_carea' id='block_1_1' title="bbox 779 155 1689 198">
    <p class='ocr_par' dir='ltr' id='par_1_1' title="bbox 779 155 1689 198">
     <span class='ocr_line' id='line_1_1' title="bbox 779 155 1689 198; baseline 0.003 -3"><span class='ocrx_word' id='word_1_1' title='bbox 779 155 1086 196; x_wconf 84' lang='lat' dir='ltr'><strong>ADDENDA.</strong></span> <span class='ocrx_word' id='word_1_2' title='bbox 1607 160 1689 198; x_wconf 85' lang='lat'>401</span> 
     </span>
    </p>
   </div>
   <div class='ocr_carea' id='block_1_2' title="bbox 143 256 1693 3105">
    <p class='ocr_par' dir='ltr' id='par_1_2' title="bbox 167 256 1692 384">
     <span class='ocr_line' id='line_1_2' title="bbox 167 256 1692 314; baseline 0.001 -16"><span class='ocrx_word' id='word_1_3' title='bbox 167 258 277 300; x_wconf 85' lang='lat' dir='ltr'>idem</span> <span class='ocrx_word' id='word_1_4' title='bbox 299 258 469 314; x_wconf 81' lang='lat' dir='ltr'>signum</span> <span class='ocrx_word' id='word_1_5' title='bbox 489 257 533 298; x_wconf 87' lang='lat' dir='ltr'>in</span> <span class='ocrx_word' id='word_1_6' title='bbox 555 256 742 311; x_wconf 63' lang='lat' dir='ltr'>margine</span> <span class='ocrx_word' id='word_1_7' title='bbox 773 258 1072 312; x_wconf 75' lang='lat' dir='ltr'>praescriptum</span> <span class='ocrx_word' id='word_1_8' title='bbox 1095 257 1231 299; x_wconf 82' lang='lat' dir='ltr'>verbis</span> <span class='ocrx_word' id='word_1_9' title='bbox 1263 260 1383 301; x_wconf 81' lang='grc' dir='ltr'>οὕτως</span> <span class='ocrx_word' id='word_1_10' title='bbox 1414 259 1464 301; x_wconf 84' lang='grc' dir='ltr'>ὡς</span> <span class='ocrx_word' id='word_1_11' title='bbox 1495 258 1692 311; x_wconf 80' lang='grc' dir='ltr'>Σπάρτην,</span> 
     </span>
     <span class='ocr_line' id='line_1_3' title="bbox 167 327 393 384; baseline 0.004 -17"><span class='ocrx_word' id='word_1_12' title='bbox 167 327 218 368; x_wconf 73' lang='grc' dir='ltr'>ἵν’</span> <span class='ocrx_word' id='word_1_13' title='bbox 238 327 262 384; x_wconf 83' lang='grc' dir='ltr'><em>ᾗ</em></span> <span class='ocrx_word' id='word_1_14' title='bbox 283 331 393 369; x_wconf 77' lang='grc' dir='ltr'>ἴδιον.</span> 
     </span>
    </p>

    <p class='ocr_par' dir='ltr' id='par_1_3' title="bbox 226 394 1402 451">
     <span class='ocr_line' id='line_1_4' title="bbox 226 394 1402 451; baseline 0.001 -16"><span class='ocrx_word' id='word_1_15' title='bbox 226 395 320 451; x_wconf 87' lang='lat'><em>136,</em></span> <span class='ocrx_word' id='word_1_16' title='bbox 344 408 411 451; x_wconf 84' lang='lat'><strong>30.</strong></span> <span class='ocrx_word' id='word_1_17' title='bbox 442 396 465 446; x_wconf 89' lang='grc' dir='ltr'>ἡ</span> <span class='ocrx_word' id='word_1_18' title='bbox 488 397 605 445; x_wconf 85' lang='grc' dir='ltr'>διπλῆ</span> <span class='ocrx_word' id='word_1_19' title='bbox 627 395 671 434; x_wconf 89' lang='grc'>111</span> <span class='ocrx_word' id='word_1_20' title='bbox 693 395 733 434; x_wconf 88' lang='lat' dir='ltr'><strong>A</strong></span> <span class='ocrx_word' id='word_1_21' title='bbox 755 395 951 435; x_wconf 85' lang='lat' dir='ltr'>omissum</span> <span class='ocrx_word' id='word_1_22' title='bbox 975 409 1061 435; x_wconf 82' lang='lat' dir='ltr'>csse</span> <span class='ocrx_word' id='word_1_23' title='bbox 1081 394 1141 435; x_wconf 61' lang='lat' dir='ltr'>aih</span> <span class='ocrx_word' id='word_1_24' title='bbox 1163 396 1402 437; x_wconf 81' lang='lat' dir='ltr'><strong>Roemerus.</strong></span> 
     </span>
    </p>

    <p class='ocr_par' dir='ltr' id='par_1_4' title="bbox 163 462 1693 585">
     <span class='ocr_line' id='line_1_5' title="bbox 225 462 1693 521; baseline 0.001 -18"><span class='ocrx_word' id='word_1_25' title='bbox 225 473 318 518; x_wconf 89' lang='grc'>137,</span> <span class='ocrx_word' id='word_1_26' title='bbox 342 476 380 506; x_wconf 81' lang='lat'><strong>2.</strong></span> <span class='ocrx_word' id='word_1_27' title='bbox 411 462 633 516; x_wconf 84' lang='grc' dir='ltr'>γράφουσιν</span> <span class='ocrx_word' id='word_1_28' title='bbox 683 464 769 504; x_wconf 84' lang='grc' dir='ltr'>ἀντὶ</span> <span class='ocrx_word' id='word_1_29' title='bbox 819 467 888 504; x_wconf 80' lang='grc' dir='ltr'>τοῦ</span> <span class='ocrx_word' id='word_1_30' title='bbox 939 463 1074 506; x_wconf 82' lang='grc' dir='ltr'>νυκτὸς</span> <span class='ocrx_word' id='word_1_31' title='bbox 1119 462 1282 521; x_wconf 82' lang='grc' dir='ltr'>ἀμείνω]</span> <span class='ocrx_word' id='word_1_32' title='bbox 1336 464 1465 505; x_wconf 67' lang='lat' dir='ltr'>Recte</span> <span class='ocrx_word' id='word_1_33' title='bbox 1512 464 1693 505; x_wconf 71' lang='lat' dir='ltr'>Cobetus</span> 
     </span>
     <span class='ocr_line' id='line_1_6' title="bbox 163 530 1620 585; baseline 0.002 -14"><span class='ocrx_word' id='word_1_34' title='bbox 163 530 324 574; x_wconf 86' lang='lat' dir='ltr'><strong>Mnem.</strong></span> <span class='ocrx_word' id='word_1_35' title='bbox 348 546 477 572; x_wconf 80' lang='lat' dir='ltr'>novae</span> <span class='ocrx_word' id='word_1_36' title='bbox 498 532 577 573; x_wconf 87' lang='lat' dir='ltr'>vol.</span> <span class='ocrx_word' id='word_1_37' title='bbox 600 545 628 582; x_wconf 88' lang='lat'>4</span> <span class='ocrx_word' id='word_1_38' title='bbox 648 546 688 585; x_wconf 88' lang='lat' dir='ltr'>p.</span> <span class='ocrx_word' id='word_1_39' title='bbox 715 541 796 584; x_wconf 84' lang='lat'>279</span> <span class='ocrx_word' id='word_1_40' title='bbox 820 531 1044 584; x_wconf 83' lang='grc' dir='ltr'>γράφουσιν</span> <span class='ocrx_word' id='word_1_41' title='bbox 1065 533 1156 573; x_wconf 82' lang='grc' dir='ltr'>ἄνευ</span> <span class='ocrx_word' id='word_1_42' title='bbox 1178 537 1244 573; x_wconf 75' lang='grc' dir='ltr'>τοῦ</span> <span class='ocrx_word' id='word_1_43' title='bbox 1268 538 1289 573; x_wconf 83' lang='grc' dir='ltr'><em>ὖ</em></span> <span class='ocrx_word' id='word_1_44' title='bbox 1311 533 1444 576; x_wconf 84' lang='grc' dir='ltr'>νυκτὸς</span> <span class='ocrx_word' id='word_1_45' title='bbox 1466 534 1620 584; x_wconf 79' lang='grc' dir='ltr'>ἀμείνω.</span> 
     </span>
    </p>

    <p class='ocr_par' dir='ltr' id='par_1_5' title="bbox 222 600 1574 656">
     <span class='ocr_line' id='line_1_7' title="bbox 222 600 1574 656; baseline 0.001 -16"><span class='ocrx_word' id='word_1_46' title='bbox 222 600 314 656; x_wconf 90' lang='grc'>138,</span> <span class='ocrx_word' id='word_1_47' title='bbox 341 611 378 653; x_wconf 93' lang='lat'>7.</span> <span class='ocrx_word' id='word_1_48' title='bbox 411 600 514 641; x_wconf 74' lang='lat' dir='ltr'>Delo</span> <span class='ocrx_word' id='word_1_49' title='bbox 536 601 702 651; x_wconf 79' lang='grc' dir='ltr'>εὕκερων</span> <span class='ocrx_word' id='word_1_50' title='bbox 724 600 865 652; x_wconf 79' lang='grc' dir='ltr'>ἄρρενα</span> <span class='ocrx_word' id='word_1_51' title='bbox 887 614 936 640; x_wconf 82' lang='lat' dir='ltr'>cx</span> <span class='ocrx_word' id='word_1_52' title='bbox 958 600 1124 640; x_wconf 79' lang='lat' dir='ltr'>scholiis</span> <span class='ocrx_word' id='word_1_53' title='bbox 1145 600 1376 641; x_wconf 83' lang='lat' dir='ltr'>minoribus</span> <span class='ocrx_word' id='word_1_54' title='bbox 1396 600 1574 643; x_wconf 74' lang='lat' dir='ltr'>illatum.</span> 
     </span>
    </p>

    <p class='ocr_par' dir='ltr' id='par_1_6' title="bbox 162 668 1690 779">
     <span class='ocr_line' id='line_1_8' title="bbox 223 668 1690 725; baseline -0.001 -13"><span class='ocrx_word' id='word_1_55' title='bbox 223 670 316 725; x_wconf 84' lang='grc'>138,</span> <span class='ocrx_word' id='word_1_56' title='bbox 343 680 407 723; x_wconf 81' lang='grc'>15.</span> <span class='ocrx_word' id='word_1_57' title='bbox 436 670 499 711; x_wconf 89' lang='grc'>16.</span> <span class='ocrx_word' id='word_1_58' title='bbox 544 668 732 710; x_wconf 80' lang='lat' dir='ltr'>Delenda</span> <span class='ocrx_word' id='word_1_59' title='bbox 772 668 898 710; x_wconf 80' lang='lat' dir='ltr'>verba</span> <span class='ocrx_word' id='word_1_60' title='bbox 939 671 1237 712; x_wconf 82' lang='grc' dir='ltr'>δύναται-τοῖς</span> <span class='ocrx_word' id='word_1_61' title='bbox 1285 669 1372 721; x_wconf 80' lang='grc' dir='ltr'>ἑξῆς</span> <span class='ocrx_word' id='word_1_62' title='bbox 1413 685 1462 711; x_wconf 82' lang='lat' dir='ltr'>ex</span> <span class='ocrx_word' id='word_1_63' title='bbox 1504 671 1611 712; x_wconf 80' lang='lat' dir='ltr'><strong>Vcn.</strong></span> <span class='ocrx_word' id='word_1_64' title='bbox 1655 672 1690 711; x_wconf 90' lang='lat' dir='ltr'>B</span> 
     </span>
     <span class='ocr_line' id='line_1_9' title="bbox 162 737 290 779; baseline 0.008 -1"><span class='ocrx_word' id='word_1_65' title='bbox 162 737 290 779; x_wconf 69' lang='lat' dir='ltr'>illata.</span> 
     </span>
    </p>

    <p class='ocr_par' dir='ltr' id='par_1_7' title="bbox 158 805 1691 916">
     <span class='ocr_line' id='line_1_10' title="bbox 221 805 1691 862; baseline 0.002 -16"><span class='ocrx_word' id='word_1_66' title='bbox 221 806 313 862; x_wconf 87' lang='grc'>138,</span> <span class='ocrx_word' id='word_1_67' title='bbox 340 820 405 850; x_wconf 83' lang='lat'><strong>20.</strong></span> <span class='ocrx_word' id='word_1_68' title='bbox 438 806 690 859; x_wconf 84' lang='grc' dir='ltr'>προτρέπεται</span> <span class='ocrx_word' id='word_1_69' title='bbox 712 810 774 846; x_wconf 69' lang='lat' dir='ltr'>est</span> <span class='ocrx_word' id='word_1_70' title='bbox 794 806 838 846; x_wconf 89' lang='lat' dir='ltr'>in</span> <span class='ocrx_word' id='word_1_71' title='bbox 860 805 967 847; x_wconf 82' lang='lat' dir='ltr'><strong>Ven.</strong></span> <span class='ocrx_word' id='word_1_72' title='bbox 991 806 1027 845; x_wconf 89' lang='lat' dir='ltr'><strong>B</strong></span> <span class='ocrx_word' id='word_1_73' title='bbox 1050 809 1092 846; x_wconf 72' lang='lat' dir='ltr'>ct</span> <span class='ocrx_word' id='word_1_74' title='bbox 1114 805 1228 860; x_wconf 87' lang='lat' dir='ltr'>Lips.</span> <span class='ocrx_word' id='word_1_75' title='bbox 1274 806 1465 847; x_wconf 80' lang='lat' dir='ltr'>Restituc</span> <span class='ocrx_word' id='word_1_76' title='bbox 1486 807 1691 860; x_wconf 85' lang='grc' dir='ltr'>προτρέπει</span> 
     </span>
     <span class='ocr_line' id='line_1_11' title="bbox 158 876 282 916; baseline 0.008 -1"><span class='ocrx_word' id='word_1_77' title='bbox 158 889 208 916; x_wconf 81' lang='lat' dir='ltr'>ex</span> <span class='ocrx_word' id='word_1_78' title='bbox 229 876 282 916; x_wconf 89' lang='lat' dir='ltr'>A.</span> 
     </span>
    </p>

    <p class='ocr_par' dir='ltr' id='par_1_8' title="bbox 159 940 1690 1064">
     <span class='ocr_line' id='line_1_12' title="bbox 220 940 1690 1001; baseline 0.001 -18"><span class='ocrx_word' id='word_1_79' title='bbox 220 956 313 994; x_wconf 89' lang='lat'>141,</span> <span class='ocrx_word' id='word_1_80' title='bbox 336 953 375 997; x_wconf 87' lang='lat'><strong>5.</strong></span> <span class='ocrx_word' id='word_1_81' title='bbox 407 943 664 996; x_wconf 82' lang='grc' dir='ltr'>μετέγραψαν</span> <span class='ocrx_word' id='word_1_82' title='bbox 697 940 862 998; x_wconf 82' lang='grc' dir='ltr'>κίδαρις]</span> <span class='ocrx_word' id='word_1_83' title='bbox 898 941 950 981; x_wconf 82' lang='grc'>111</span> <span class='ocrx_word' id='word_1_84' title='bbox 981 943 1021 982; x_wconf 92' lang='lat' dir='ltr'><strong>A</strong></span> <span class='ocrx_word' id='word_1_85' title='bbox 1052 942 1214 996; x_wconf 82' lang='lat' dir='ltr'>plenius</span> <span class='ocrx_word' id='word_1_86' title='bbox 1245 944 1312 984; x_wconf 85' lang='grc' dir='ltr'>οὐκ</span> <span class='ocrx_word' id='word_1_87' title='bbox 1344 944 1391 984; x_wconf 81' lang='grc' dir='ltr'>ἄν</span> <span class='ocrx_word' id='word_1_88' title='bbox 1421 961 1482 984; x_wconf 90' lang='grc' dir='ltr'>τοι</span> <span class='ocrx_word' id='word_1_89' title='bbox 1519 947 1690 1001; x_wconf 85' lang='grc' dir='ltr'>χραίσμῃ</span> 
     </span>
     <span class='ocr_line' id='line_1_13' title="bbox 159 1013 316 1064; baseline 0 -12"><span class='ocrx_word' id='word_1_90' title='bbox 159 1013 316 1064; x_wconf 83' lang='grc' dir='ltr'>κίδαρις.</span> 
     </span>
    </p>

    <p class='ocr_par' dir='ltr' id='par_1_9' title="bbox 158 1078 1688 1271">
     <span class='ocr_line' id='line_1_14' title="bbox 219 1078 1687 1135; baseline 0.003 -16"><span class='ocrx_word' id='word_1_91' title='bbox 219 1093 313 1135; x_wconf 81' lang='grc'>143,</span> <span class='ocrx_word' id='word_1_92' title='bbox 340 1093 404 1131; x_wconf 85' lang='lat'>14.</span> <span class='ocrx_word' id='word_1_93' title='bbox 433 1081 563 1133; x_wconf 82' lang='grc' dir='ltr'>ἄρρενι</span> <span class='ocrx_word' id='word_1_94' title='bbox 584 1094 634 1120; x_wconf 84' lang='lat' dir='ltr'>ex</span> <span class='ocrx_word' id='word_1_95' title='bbox 655 1078 823 1119; x_wconf 81' lang='lat' dir='ltr'>scholiis</span> <span class='ocrx_word' id='word_1_96' title='bbox 845 1078 1074 1119; x_wconf 85' lang='lat' dir='ltr'>minoribus</span> <span class='ocrx_word' id='word_1_97' title='bbox 1099 1078 1204 1119; x_wconf 81' lang='lat' dir='ltr'>male</span> <span class='ocrx_word' id='word_1_98' title='bbox 1235 1078 1402 1120; x_wconf 77' lang='lat' dir='ltr'>illatum</span> <span class='ocrx_word' id='word_1_99' title='bbox 1429 1095 1503 1134; x_wconf 85' lang='lat' dir='ltr'>pro</span> <span class='ocrx_word' id='word_1_100' title='bbox 1534 1082 1687 1134; x_wconf 79' lang='grc' dir='ltr'>ἄρρενα,</span> 
     </span>
     <span class='ocr_line' id='line_1_15' title="bbox 158 1146 1688 1201; baseline 0.002 -14"><span class='ocrx_word' id='word_1_101' title='bbox 158 1148 264 1201; x_wconf 90' lang='lat' dir='ltr'>quod</span> <span class='ocrx_word' id='word_1_102' title='bbox 286 1152 349 1189; x_wconf 69' lang='lat' dir='ltr'>est</span> <span class='ocrx_word' id='word_1_103' title='bbox 370 1148 413 1188; x_wconf 90' lang='lat' dir='ltr'>in</span> <span class='ocrx_word' id='word_1_104' title='bbox 435 1149 487 1188; x_wconf 93' lang='lat' dir='ltr'>A.</span> <span class='ocrx_word' id='word_1_105' title='bbox 552 1148 634 1188; x_wconf 85' lang='lat' dir='ltr'>Sed</span> <span class='ocrx_word' id='word_1_106' title='bbox 666 1146 839 1188; x_wconf 71' lang='lat' dir='ltr'>fortasse</span> <span class='ocrx_word' id='word_1_107' title='bbox 871 1151 1046 1200; x_wconf 75' lang='lat' dir='ltr'>utroque</span> <span class='ocrx_word' id='word_1_108' title='bbox 1067 1147 1288 1188; x_wconf 75' lang='lat' dir='ltr'>coniuncto</span> <span class='ocrx_word' id='word_1_109' title='bbox 1310 1148 1571 1189; x_wconf 83' lang='lat' dir='ltr'>scribendum</span> <span class='ocrx_word' id='word_1_110' title='bbox 1594 1164 1688 1190; x_wconf 85' lang='lat' dir='ltr'>cum</span> 
     </span>
     <span class='ocr_line' id='line_1_16' title="bbox 158 1216 1126 1271; baseline 0 -15"><span class='ocrx_word' id='word_1_111' title='bbox 158 1216 360 1257; x_wconf 83' lang='lat' dir='ltr'>Rocmero</span> <span class='ocrx_word' id='word_1_112' title='bbox 381 1217 546 1271; x_wconf 75' lang='grc' dir='ltr'>λαμπρῷ</span> <span class='ocrx_word' id='word_1_113' title='bbox 570 1217 654 1256; x_wconf 87' lang='grc' dir='ltr'>ὄντι</span> <span class='ocrx_word' id='word_1_114' title='bbox 676 1216 737 1256; x_wconf 84' lang='grc' dir='ltr'>καὶ</span> <span class='ocrx_word' id='word_1_115' title='bbox 760 1217 892 1268; x_wconf 83' lang='grc' dir='ltr'>ἄρρενι</span> <span class='ocrx_word' id='word_1_116' title='bbox 914 1216 1126 1268; x_wconf 82' lang='grc' dir='ltr'>ἄρρενα-.</span> 
     </span>
    </p>

    <p class='ocr_par' dir='ltr' id='par_1_10' title="bbox 153 1284 1687 1543">
     <span class='ocr_line' id='line_1_17' title="bbox 218 1284 1686 1340; baseline 0.002 -15"><span class='ocrx_word' id='word_1_117' title='bbox 218 1298 310 1340; x_wconf 80' lang='grc'>143,</span> <span class='ocrx_word' id='word_1_118' title='bbox 338 1295 403 1338; x_wconf 92' lang='lat'>17.</span> <span class='ocrx_word' id='word_1_119' title='bbox 430 1285 494 1325; x_wconf 87' lang='lat'>18.</span> <span class='ocrx_word' id='word_1_120' title='bbox 526 1285 683 1325; x_wconf 81' lang='lat' dir='ltr'>Eadem</span> <span class='ocrx_word' id='word_1_121' title='bbox 709 1284 790 1325; x_wconf 80' lang='lat' dir='ltr'>fore</span> <span class='ocrx_word' id='word_1_122' title='bbox 813 1285 936 1324; x_wconf 80' lang='lat' dir='ltr'>verba</span> <span class='ocrx_word' id='word_1_123' title='bbox 959 1284 1113 1325; x_wconf 89' lang='lat' dir='ltr'>scholio</span> <span class='ocrx_word' id='word_1_124' title='bbox 1144 1284 1405 1339; x_wconf 76' lang='lat' dir='ltr'>praecedenti</span> <span class='ocrx_word' id='word_1_125' title='bbox 1439 1290 1533 1340; x_wconf 72' lang='lat' dir='ltr'>pos‘o</span> <span class='ocrx_word' id='word_1_126' title='bbox 1563 1305 1686 1339; x_wconf 89' lang='grc' dir='ltr'>προσ-</span> 
     </span>
     <span class='ocr_line' id='line_1_18' title="bbox 156 1352 1687 1407; baseline 0.002 -13"><span class='ocrx_word' id='word_1_127' title='bbox 156 1355 384 1406; x_wconf 86' lang='grc' dir='ltr'>αγορεύεται</span> <span class='ocrx_word' id='word_1_128' title='bbox 416 1353 563 1394; x_wconf 77' lang='lat' dir='ltr'>leviter</span> <span class='ocrx_word' id='word_1_129' title='bbox 588 1356 749 1394; x_wconf 79' lang='lat' dir='ltr'>mutata</span> <span class='ocrx_word' id='word_1_130' title='bbox 781 1352 978 1407; x_wconf 77' lang='lat' dir='ltr'>adiungit</span> <span class='ocrx_word' id='word_1_131' title='bbox 1003 1354 1056 1402; x_wconf 89' lang='lat' dir='ltr'>A,</span> <span class='ocrx_word' id='word_1_132' title='bbox 1078 1352 1322 1403; x_wconf 86' lang='grc' dir='ltr'>Ἑλληνικῶς</span> <span class='ocrx_word' id='word_1_133' title='bbox 1347 1356 1388 1394; x_wconf 84' lang='grc' dir='ltr'>δὲ</span> <span class='ocrx_word' id='word_1_134' title='bbox 1420 1355 1481 1395; x_wconf 86' lang='grc' dir='ltr'>ἐπὶ</span> <span class='ocrx_word' id='word_1_135' title='bbox 1511 1356 1585 1405; x_wconf 83' lang='grc' dir='ltr'>μὲν</span> <span class='ocrx_word' id='word_1_136' title='bbox 1609 1361 1687 1397; x_wconf 82' lang='grc' dir='ltr'>τῶν</span> 
     </span>
     <span class='ocr_line' id='line_1_19' title="bbox 155 1421 1686 1478; baseline 0.002 -16"><span class='ocrx_word' id='word_1_137' title='bbox 155 1423 221 1462; x_wconf 84' lang='grc' dir='ltr'>δύο</span> <span class='ocrx_word' id='word_1_138' title='bbox 253 1423 297 1462; x_wconf 87' lang='grc' dir='ltr'>τὸ</span> <span class='ocrx_word' id='word_1_139' title='bbox 325 1423 457 1474; x_wconf 84' lang='grc' dir='ltr'>ἕτερον</span> <span class='ocrx_word' id='word_1_140' title='bbox 482 1422 532 1477; x_wconf 70' lang='grc' dir='ltr'>τῷ</span> <span class='ocrx_word' id='word_1_141' title='bbox 567 1421 682 1476; x_wconf 82' lang='grc' dir='ltr'>ἑτέρῳ</span> <span class='ocrx_word' id='word_1_142' title='bbox 714 1422 1041 1470; x_wconf 81' lang='grc' dir='ltr'>ἀντιδιέσταλκεν,</span> <span class='ocrx_word' id='word_1_143' title='bbox 1067 1424 1128 1462; x_wconf 85' lang='grc' dir='ltr'>ἐπὶ</span> <span class='ocrx_word' id='word_1_144' title='bbox 1161 1422 1261 1473; x_wconf 84' lang='grc' dir='ltr'>(ἐπεὶ</span> <span class='ocrx_word' id='word_1_145' title='bbox 1283 1422 1353 1478; x_wconf 85' lang='lat' dir='ltr'><strong>A.)</strong></span> <span class='ocrx_word' id='word_1_146' title='bbox 1386 1423 1428 1463; x_wconf 83' lang='grc' dir='ltr'>δὲ</span> <span class='ocrx_word' id='word_1_147' title='bbox 1459 1427 1527 1464; x_wconf 87' lang='grc' dir='ltr'>τοῦ</span> <span class='ocrx_word' id='word_1_148' title='bbox 1561 1426 1686 1476; x_wconf 80' lang='grc' dir='ltr'>τρίτου</span> 
     </span>
     <span class='ocr_line' id='line_1_20' title="bbox 153 1491 466 1543; baseline 0.003 -13"><span class='ocrx_word' id='word_1_149' title='bbox 153 1491 280 1530; x_wconf 77' lang='grc' dir='ltr'>ἄλλον</span> <span class='ocrx_word' id='word_1_150' title='bbox 303 1492 466 1543; x_wconf 84' lang='grc' dir='ltr'>εἴρηκεν.</span> 
     </span>
    </p>

    <p class='ocr_par' dir='ltr' id='par_1_11' title="bbox 217 1558 1586 1615">
     <span class='ocr_line' id='line_1_21' title="bbox 217 1558 1586 1615; baseline 0.002 -17"><span class='ocrx_word' id='word_1_151' title='bbox 217 1572 309 1609; x_wconf 80' lang='lat'>144,</span> <span class='ocrx_word' id='word_1_152' title='bbox 331 1572 371 1611; x_wconf 87' lang='lat'>4.</span> <span class='ocrx_word' id='word_1_153' title='bbox 404 1559 447 1600; x_wconf 84' lang='grc' dir='ltr'>τὸ</span> <span class='ocrx_word' id='word_1_154' title='bbox 468 1561 602 1613; x_wconf 82' lang='grc' dir='ltr'>γαλόῳ</span> <span class='ocrx_word' id='word_1_155' title='bbox 625 1574 705 1599; x_wconf 86' lang='grc'>0111.</span> <span class='ocrx_word' id='word_1_156' title='bbox 728 1560 778 1608; x_wconf 76' lang='grc' dir='ltr'>Α,</span> <span class='ocrx_word' id='word_1_157' title='bbox 803 1558 925 1599; x_wconf 75' lang='lat' dir='ltr'>habet</span> <span class='ocrx_word' id='word_1_158' title='bbox 950 1572 1044 1598; x_wconf 83' lang='lat' dir='ltr'>vcro</span> <span class='ocrx_word' id='word_1_159' title='bbox 1068 1558 1219 1599; x_wconf 73' lang='lat' dir='ltr'>lemnia</span> <span class='ocrx_word' id='word_1_160' title='bbox 1242 1560 1416 1610; x_wconf 81' lang='grc' dir='ltr'>εἰδομένη</span> <span class='ocrx_word' id='word_1_161' title='bbox 1438 1561 1586 1615; x_wconf 83' lang='grc' dir='ltr'>γαλόῳ.</span> 
     </span>
    </p>

    <p class='ocr_par' dir='ltr' id='par_1_12' title="bbox 155 1626 1684 1750">
     <span class='ocr_line' id='line_1_22' title="bbox 216 1626 1684 1683; baseline 0.001 -15"><span class='ocrx_word' id='word_1_162' title='bbox 216 1638 307 1680; x_wconf 86' lang='lat'>147,</span> <span class='ocrx_word' id='word_1_163' title='bbox 331 1629 371 1670; x_wconf 90' lang='lat'>6.</span> <span class='ocrx_word' id='word_1_164' title='bbox 404 1627 471 1680; x_wconf 84' lang='grc' dir='ltr'>ἀφ’</span> <span class='ocrx_word' id='word_1_165' title='bbox 495 1630 580 1669; x_wconf 89' lang='grc' dir='ltr'>οἵου</span> <span class='ocrx_word' id='word_1_166' title='bbox 601 1631 676 1681; x_wconf 76' lang='grc' dir='ltr'>γὰρ</span> <span class='ocrx_word' id='word_1_167' title='bbox 698 1626 915 1683; x_wconf 74' lang='grc' dir='ltr'>στίχου-]</span> <span class='ocrx_word' id='word_1_168' title='bbox 942 1627 1011 1680; x_wconf 81' lang='grc' dir='ltr'>ἀφ’</span> <span class='ocrx_word' id='word_1_169' title='bbox 1035 1629 1126 1667; x_wconf 76' lang='grc' dir='ltr'>ὅτου</span> <span class='ocrx_word' id='word_1_170' title='bbox 1152 1630 1222 1679; x_wconf 77' lang='grc' dir='ltr'>γῖιρ</span> <span class='ocrx_word' id='word_1_171' title='bbox 1254 1628 1300 1668; x_wconf 76' lang='grc' dir='ltr'>ἂν</span> <span class='ocrx_word' id='word_1_172' title='bbox 1331 1631 1469 1682; x_wconf 84' lang='grc' dir='ltr'>στίχου</span> <span class='ocrx_word' id='word_1_173' title='bbox 1501 1628 1684 1670; x_wconf 77' lang='lat' dir='ltr'>Cobetus</span> 
     </span>
     <span class='ocr_line' id='line_1_23' title="bbox 155 1696 801 1750; baseline 0 -14"><span class='ocrx_word' id='word_1_174' title='bbox 155 1696 316 1737; x_wconf 86' lang='lat' dir='ltr'><strong>Mnem.</strong></span> <span class='ocrx_word' id='word_1_175' title='bbox 339 1711 470 1738; x_wconf 80' lang='lat' dir='ltr'>novae</span> <span class='ocrx_word' id='word_1_176' title='bbox 492 1697 572 1737; x_wconf 88' lang='lat' dir='ltr'>vol.</span> <span class='ocrx_word' id='word_1_177' title='bbox 595 1711 621 1747; x_wconf 86' lang='lat'>4</span> <span class='ocrx_word' id='word_1_178' title='bbox 643 1712 682 1750; x_wconf 86' lang='lat' dir='ltr'><strong>p.</strong></span> <span class='ocrx_word' id='word_1_179' title='bbox 707 1707 801 1750; x_wconf 82' lang='lat'><strong>279.</strong></span> 
     </span>
    </p>

    <p class='ocr_par' dir='ltr' id='par_1_13' title="bbox 214 1763 793 1822">
     <span class='ocr_line' id='line_1_24' title="bbox 214 1763 793 1822; baseline 0 -18"><span class='ocrx_word' id='word_1_180' title='bbox 214 1775 307 1817; x_wconf 81' lang='lat'>151,</span> <span class='ocrx_word' id='word_1_181' title='bbox 335 1778 399 1818; x_wconf 89' lang='lat'>19.</span> <span class='ocrx_word' id='word_1_182' title='bbox 432 1763 557 1822; x_wconf 79' lang='grc' dir='ltr'>παρὰ]</span> <span class='ocrx_word' id='word_1_183' title='bbox 584 1764 793 1805; x_wconf 79' lang='lat' dir='ltr'><strong>Deleatur.</strong></span> 
     </span>
    </p>

    <p class='ocr_par' dir='ltr' id='par_1_14' title="bbox 151 1831 1683 2093">
     <span class='ocr_line' id='line_1_25' title="bbox 215 1831 1683 1889; baseline 0.002 -16"><span class='ocrx_word' id='word_1_184' title='bbox 215 1846 307 1886; x_wconf 79' lang='lat'>152,</span> <span class='ocrx_word' id='word_1_185' title='bbox 335 1847 399 1888; x_wconf 93' lang='lat'>19.</span> <span class='ocrx_word' id='word_1_186' title='bbox 429 1833 607 1886; x_wconf 87' lang='grc' dir='ltr'>κεφαλήν</span> <span class='ocrx_word' id='word_1_187' title='bbox 633 1851 673 1874; x_wconf 86' lang='grc' dir='ltr'>τε</span> <span class='ocrx_word' id='word_1_188' title='bbox 706 1833 767 1873; x_wconf 89' lang='grc' dir='ltr'>καὶ</span> <span class='ocrx_word' id='word_1_189' title='bbox 800 1832 934 1884; x_wconf 64' lang='grc' dir='ltr'>εὐρέας</span> <span class='ocrx_word' id='word_1_190' title='bbox 966 1831 1110 1889; x_wconf 84' lang='grc' dir='ltr'>ὤμους]</span> <span class='ocrx_word' id='word_1_191' title='bbox 1146 1833 1391 1875; x_wconf 80' lang='lat' dir='ltr'>Notandum</span> <span class='ocrx_word' id='word_1_192' title='bbox 1423 1835 1499 1875; x_wconf 87' lang='lat' dir='ltr'>hoo</span> <span class='ocrx_word' id='word_1_193' title='bbox 1531 1835 1683 1876; x_wconf 77' lang='lat' dir='ltr'>lemma</span> 
     </span>
     <span class='ocr_line' id='line_1_26' title="bbox 151 1900 1681 1958; baseline 0.002 -16"><span class='ocrx_word' id='word_1_194' title='bbox 151 1902 194 1942; x_wconf 91' lang='lat' dir='ltr'>in</span> <span class='ocrx_word' id='word_1_195' title='bbox 217 1902 257 1942; x_wconf 95' lang='lat' dir='ltr'><strong>A</strong></span> <span class='ocrx_word' id='word_1_196' title='bbox 278 1902 374 1955; x_wconf 77' lang='lat' dir='ltr'>legi,</span> <span class='ocrx_word' id='word_1_197' title='bbox 398 1917 493 1942; x_wconf 85' lang='lat' dir='ltr'>nam</span> <span class='ocrx_word' id='word_1_198' title='bbox 517 1901 683 1942; x_wconf 83' lang='lat' dir='ltr'>scholiis</span> <span class='ocrx_word' id='word_1_199' title='bbox 705 1900 1117 1954; x_wconf 75' lang='lat' dir='ltr'>intcrmarginalibus</span> <span class='ocrx_word' id='word_1_200' title='bbox 1149 1902 1345 1944; x_wconf 78' lang='lat' dir='ltr'>lemmata</span> <span class='ocrx_word' id='word_1_201' title='bbox 1377 1918 1541 1957; x_wconf 83' lang='lat' dir='ltr'>perraro</span> <span class='ocrx_word' id='word_1_202' title='bbox 1565 1919 1681 1958; x_wconf 82' lang='lat' dir='ltr'>prae-</span> 
     </span>
     <span class='ocr_line' id='line_1_27' title="bbox 151 1969 1683 2025; baseline 0.002 -15"><span class='ocrx_word' id='word_1_203' title='bbox 151 1970 305 2024; x_wconf 73' lang='lat' dir='ltr'>scripta</span> <span class='ocrx_word' id='word_1_204' title='bbox 340 1976 463 2011; x_wconf 78' lang='lat' dir='ltr'>sunt:</span> <span class='ocrx_word' id='word_1_205' title='bbox 504 1970 554 2010; x_wconf 83' lang='lat' dir='ltr'>dc</span> <span class='ocrx_word' id='word_1_206' title='bbox 589 1984 670 2024; x_wconf 85' lang='lat' dir='ltr'>quo</span> <span class='ocrx_word' id='word_1_207' title='bbox 711 1969 796 2009; x_wconf 79' lang='lat' dir='ltr'>dixi</span> <span class='ocrx_word' id='word_1_208' title='bbox 835 1970 915 2009; x_wconf 79' lang='lat' dir='ltr'>vol.</span> <span class='ocrx_word' id='word_1_209' title='bbox 955 1983 977 2010; x_wconf 84' lang='lat'><strong>2</strong></span> <span class='ocrx_word' id='word_1_210' title='bbox 1015 1985 1054 2023; x_wconf 88' lang='lat' dir='ltr'>p.</span> <span class='ocrx_word' id='word_1_211' title='bbox 1093 1982 1189 2025; x_wconf 81' lang='lat'><strong>345.</strong></span> <span class='ocrx_word' id='word_1_212' title='bbox 1252 1972 1304 2012; x_wconf 88' lang='lat' dir='ltr'>In</span> <span class='ocrx_word' id='word_1_213' title='bbox 1341 1975 1460 2012; x_wconf 74' lang='lat' dir='ltr'><strong>textu</strong></span> <span class='ocrx_word' id='word_1_214' title='bbox 1498 1972 1538 2012; x_wconf 87' lang='lat' dir='ltr'>V</span> <span class='ocrx_word' id='word_1_215' title='bbox 1540 1988 1602 2015; x_wconf 89' lang='grc'>611.</span> <span class='ocrx_word' id='word_1_216' title='bbox 1643 1974 1683 2013; x_wconf 90' lang='lat' dir='ltr'><strong>A</strong></span> 
     </span>
     <span class='ocr_line' id='line_1_28' title="bbox 151 2038 1170 2093; baseline 0.002 -15"><span class='ocrx_word' id='word_1_217' title='bbox 151 2038 322 2093; x_wconf 82' lang='lat' dir='ltr'>aliisque</span> <span class='ocrx_word' id='word_1_218' title='bbox 344 2039 490 2079; x_wconf 81' lang='lat' dir='ltr'>multis</span> <span class='ocrx_word' id='word_1_219' title='bbox 511 2042 574 2079; x_wconf 69' lang='lat' dir='ltr'>cst</span> <span class='ocrx_word' id='word_1_220' title='bbox 597 2038 774 2091; x_wconf 80' lang='grc' dir='ltr'>κεφαλὴν</span> <span class='ocrx_word' id='word_1_221' title='bbox 795 2038 855 2089; x_wconf 85' lang='grc' dir='ltr'>ἠδ’</span> <span class='ocrx_word' id='word_1_222' title='bbox 880 2039 1011 2091; x_wconf 79' lang='grc' dir='ltr'>εὐρέας</span> <span class='ocrx_word' id='word_1_223' title='bbox 1033 2039 1170 2090; x_wconf 78' lang='grc' dir='ltr'>ὤμους.</span> 
     </span>
    </p>

    <p class='ocr_par' dir='ltr' id='par_1_15' title="bbox 148 2107 1679 2227">
     <span class='ocr_line' id='line_1_29' title="bbox 214 2107 1679 2162; baseline 0.003 -16"><span class='ocrx_word' id='word_1_224' title='bbox 214 2107 308 2161; x_wconf 83' lang='grc'>158,</span> <span class='ocrx_word' id='word_1_225' title='bbox 332 2121 370 2162; x_wconf 89' lang='grc'>3.</span> <span class='ocrx_word' id='word_1_226' title='bbox 404 2108 535 2160; x_wconf 85' lang='grc' dir='ltr'>ἑτέρου</span> <span class='ocrx_word' id='word_1_227' title='bbox 561 2122 610 2147; x_wconf 76' lang='lat' dir='ltr'>cx</span> <span class='ocrx_word' id='word_1_228' title='bbox 639 2107 746 2147; x_wconf 76' lang='lat' dir='ltr'><strong>Vcn.</strong></span> <span class='ocrx_word' id='word_1_229' title='bbox 772 2107 806 2147; x_wconf 91' lang='lat' dir='ltr'>B</span> <span class='ocrx_word' id='word_1_230' title='bbox 829 2110 871 2147; x_wconf 73' lang='lat' dir='ltr'>ct</span> <span class='ocrx_word' id='word_1_231' title='bbox 892 2107 1059 2147; x_wconf 80' lang='lat' dir='ltr'>scholiis</span> <span class='ocrx_word' id='word_1_232' title='bbox 1080 2108 1322 2150; x_wconf 87' lang='lat' dir='ltr'>minoribus.</span> <span class='ocrx_word' id='word_1_233' title='bbox 1386 2110 1679 2151; x_wconf 82' lang='lat' dir='ltr'>Revocandum</span> 
     </span>
     <span class='ocr_line' id='line_1_30' title="bbox 148 2175 456 2227; baseline -0.003 -11"><span class='ocrx_word' id='word_1_234' title='bbox 148 2175 312 2227; x_wconf 81' lang='grc' dir='ltr'>ὑστέρου</span> <span class='ocrx_word' id='word_1_235' title='bbox 334 2189 384 2216; x_wconf 84' lang='lat' dir='ltr'>ex</span> <span class='ocrx_word' id='word_1_236' title='bbox 404 2176 456 2215; x_wconf 84' lang='lat' dir='ltr'><strong>A.</strong></span> 
     </span>
    </p>

    <p class='ocr_par' dir='ltr' id='par_1_16' title="bbox 153 2243 1679 2366">
     <span class='ocr_line' id='line_1_31' title="bbox 211 2243 1679 2301; baseline 0.003 -17"><span class='ocrx_word' id='word_1_237' title='bbox 211 2244 302 2294; x_wconf 91' lang='lat'>161,</span> <span class='ocrx_word' id='word_1_238' title='bbox 331 2257 395 2299; x_wconf 92' lang='grc'>13.</span> <span class='ocrx_word' id='word_1_239' title='bbox 430 2245 607 2296; x_wconf 83' lang='grc' dir='ltr'>σημαίνει</span> <span class='ocrx_word' id='word_1_240' title='bbox 639 2247 748 2285; x_wconf 77' lang='lat' dir='ltr'>recte</span> <span class='ocrx_word' id='word_1_241' title='bbox 779 2243 890 2285; x_wconf 52' lang='grc'>(16161,</span> <span class='ocrx_word' id='word_1_242' title='bbox 921 2243 1103 2285; x_wconf 72' lang='lat' dir='ltr'>Cobotus</span> <span class='ocrx_word' id='word_1_243' title='bbox 1136 2245 1297 2286; x_wconf 83' lang='lat' dir='ltr'><strong>Mnem.</strong></span> <span class='ocrx_word' id='word_1_244' title='bbox 1331 2261 1460 2287; x_wconf 78' lang='lat' dir='ltr'>novae</span> <span class='ocrx_word' id='word_1_245' title='bbox 1483 2247 1562 2288; x_wconf 86' lang='lat' dir='ltr'>vol.</span> <span class='ocrx_word' id='word_1_246' title='bbox 1585 2261 1612 2298; x_wconf 88' lang='lat'>4</span> <span class='ocrx_word' id='word_1_247' title='bbox 1640 2263 1679 2301; x_wconf 84' lang='lat' dir='ltr'><strong>p.</strong></span> 
     </span>
     <span class='ocr_line' id='line_1_32' title="bbox 153 2322 247 2366; baseline -0.011 -13"><span class='ocrx_word' id='word_1_248' title='bbox 153 2322 247 2366; x_wconf 87' lang='lat'><strong>279.</strong></span> 
     </span>
    </p>

    <p class='ocr_par' dir='ltr' id='par_1_17' title="bbox 212 2379 1475 2438">
     <span class='ocr_line' id='line_1_33' title="bbox 212 2379 1475 2438; baseline 0.003 -18"><span class='ocrx_word' id='word_1_249' title='bbox 212 2380 303 2436; x_wconf 85' lang='lat'>163,</span> <span class='ocrx_word' id='word_1_250' title='bbox 330 2393 367 2433; x_wconf 92' lang='lat'>7.</span> <span class='ocrx_word' id='word_1_251' title='bbox 399 2385 474 2422; x_wconf 83' lang='grc' dir='ltr'>τῶν</span> <span class='ocrx_word' id='word_1_252' title='bbox 496 2385 592 2433; x_wconf 85' lang='grc' dir='ltr'>γοῦν</span> <span class='ocrx_word' id='word_1_253' title='bbox 610 2379 795 2438; x_wconf 89' lang='grc' dir='ltr'>μετρίων]</span> <span class='ocrx_word' id='word_1_254' title='bbox 820 2385 896 2422; x_wconf 86' lang='grc' dir='ltr'>τῶν</span> <span class='ocrx_word' id='word_1_255' title='bbox 917 2385 1011 2434; x_wconf 81' lang='grc' dir='ltr'>γοῦν</span> <span class='ocrx_word' id='word_1_256' title='bbox 1032 2383 1225 2433; x_wconf 83' lang='grc' dir='ltr'>ἡμετέρων</span> <span class='ocrx_word' id='word_1_257' title='bbox 1246 2382 1475 2424; x_wconf 80' lang='lat' dir='ltr'>Nauckius.</span> 
     </span>
    </p>

    <p class='ocr_par' dir='ltr' id='par_1_18' title="bbox 210 2449 1234 2501">
     <span class='ocr_line' id='line_1_34' title="bbox 210 2449 1234 2501; baseline 0.003 -13"><span class='ocrx_word' id='word_1_258' title='bbox 210 2449 300 2499; x_wconf 91' lang='lat'>164,</span> <span class='ocrx_word' id='word_1_259' title='bbox 324 2461 362 2501; x_wconf 90' lang='lat'><strong>9.</strong></span> <span class='ocrx_word' id='word_1_260' title='bbox 395 2450 671 2498; x_wconf 85' lang='grc' dir='ltr'>ὑποστίζουσιν</span> <span class='ocrx_word' id='word_1_261' title='bbox 693 2463 743 2490; x_wconf 81' lang='lat' dir='ltr'>ex</span> <span class='ocrx_word' id='word_1_262' title='bbox 768 2449 869 2491; x_wconf 81' lang='lat' dir='ltr'><strong>Ven.</strong></span> <span class='ocrx_word' id='word_1_263' title='bbox 892 2450 941 2491; x_wconf 89' lang='lat' dir='ltr'><strong>B.</strong></span> <span class='ocrx_word' id='word_1_264' title='bbox 965 2451 1162 2499; x_wconf 81' lang='grc' dir='ltr'>στίζουσιν</span> <span class='ocrx_word' id='word_1_265' title='bbox 1184 2452 1234 2491; x_wconf 85' lang='grc' dir='ltr'>Α.</span> 
     </span>
    </p>

    <p class='ocr_par' dir='ltr' id='par_1_19' title="bbox 213 2515 1468 2573">
     <span class='ocr_line' id='line_1_35' title="bbox 213 2515 1468 2573; baseline 0.003 -17"><span class='ocrx_word' id='word_1_266' title='bbox 213 2517 305 2569; x_wconf 89' lang='grc'>167,</span> <span class='ocrx_word' id='word_1_267' title='bbox 328 2517 366 2557; x_wconf 93' lang='lat'><strong>6.</strong></span> <span class='ocrx_word' id='word_1_268' title='bbox 403 2515 537 2573; x_wconf 77' lang='grc' dir='ltr'>ζωοὺς]</span> <span class='ocrx_word' id='word_1_269' title='bbox 564 2518 696 2570; x_wconf 81' lang='grc' dir='ltr'>ζυγοὺς</span> <span class='ocrx_word' id='word_1_270' title='bbox 717 2518 757 2557; x_wconf 89' lang='grc' dir='ltr'><strong>Α</strong></span> <span class='ocrx_word' id='word_1_271' title='bbox 779 2517 938 2558; x_wconf 79' lang='lat' dir='ltr'>vitiose.</span> <span class='ocrx_word' id='word_1_272' title='bbox 1002 2518 1129 2559; x_wconf 76' lang='lat' dir='ltr'>Recte</span> <span class='ocrx_word' id='word_1_273' title='bbox 1153 2520 1269 2568; x_wconf 75' lang='grc' dir='ltr'>ζωοὺς</span> <span class='ocrx_word' id='word_1_274' title='bbox 1291 2519 1394 2562; x_wconf 78' lang='lat' dir='ltr'><strong>Ven.</strong></span> <span class='ocrx_word' id='word_1_275' title='bbox 1420 2520 1468 2560; x_wconf 86' lang='lat' dir='ltr'><strong>B.</strong></span> 
     </span>
    </p>

    <p class='ocr_par' dir='ltr' id='par_1_20' title="bbox 147 2585 1676 2694">
     <span class='ocr_line' id='line_1_36' title="bbox 210 2585 1676 2643; baseline 0.004 -19"><span class='ocrx_word' id='word_1_276' title='bbox 210 2596 302 2640; x_wconf 87' lang='grc'>173,</span> <span class='ocrx_word' id='word_1_277' title='bbox 328 2598 393 2636; x_wconf 86' lang='lat'>24.</span> <span class='ocrx_word' id='word_1_278' title='bbox 427 2585 637 2638; x_wconf 79' lang='grc' dir='ltr'>ἀπηλλάγη</span> <span class='ocrx_word' id='word_1_279' title='bbox 668 2600 717 2626; x_wconf 81' lang='lat' dir='ltr'>ex</span> <span class='ocrx_word' id='word_1_280' title='bbox 749 2586 854 2626; x_wconf 75' lang='lat' dir='ltr'>Veii.</span> <span class='ocrx_word' id='word_1_281' title='bbox 888 2587 923 2625; x_wconf 84' lang='lat' dir='ltr'><strong>B</strong></span> <span class='ocrx_word' id='word_1_282' title='bbox 956 2601 1029 2639; x_wconf 84' lang='lat' dir='ltr'>pro</span> <span class='ocrx_word' id='word_1_283' title='bbox 1061 2587 1210 2626; x_wconf 73' lang='lat' dir='ltr'>vitioso</span> <span class='ocrx_word' id='word_1_284' title='bbox 1243 2588 1534 2640; x_wconf 81' lang='grc' dir='ltr'>ἀπαλλαγῆναι,</span> <span class='ocrx_word' id='word_1_285' title='bbox 1567 2590 1676 2643; x_wconf 85' lang='lat' dir='ltr'>quod</span> 
     </span>
     <span class='ocr_line' id='line_1_37' title="bbox 147 2653 347 2694; baseline 0 -1"><span class='ocrx_word' id='word_1_286' title='bbox 147 2657 210 2694; x_wconf 73' lang='lat' dir='ltr'>cst</span> <span class='ocrx_word' id='word_1_287' title='bbox 230 2653 273 2694; x_wconf 89' lang='lat' dir='ltr'>in</span> <span class='ocrx_word' id='word_1_288' title='bbox 295 2654 347 2693; x_wconf 93' lang='lat' dir='ltr'><strong>A.</strong></span> 
     </span>
    </p>

    <p class='ocr_par' dir='ltr' id='par_1_21' title="bbox 209 2722 991 2776">
     <span class='ocr_line' id='line_1_38' title="bbox 209 2722 991 2776; baseline 0.001 -15"><span class='ocrx_word' id='word_1_289' title='bbox 209 2733 300 2776; x_wconf 87' lang='grc'>173,</span> <span class='ocrx_word' id='word_1_290' title='bbox 325 2722 391 2763; x_wconf 85' lang='lat'><strong>26.</strong></span> <span class='ocrx_word' id='word_1_291' title='bbox 425 2724 534 2763; x_wconf 87' lang='grc' dir='ltr'>ἐστιν</span> <span class='ocrx_word' id='word_1_292' title='bbox 554 2737 634 2763; x_wconf 90' lang='lat' dir='ltr'>om.</span> <span class='ocrx_word' id='word_1_293' title='bbox 657 2723 708 2771; x_wconf 81' lang='lat' dir='ltr'>A,</span> <span class='ocrx_word' id='word_1_294' title='bbox 732 2723 886 2764; x_wconf 72' lang='lat' dir='ltr'>habent</span> <span class='ocrx_word' id='word_1_295' title='bbox 908 2723 991 2763; x_wconf 83' lang='lat' dir='ltr'>alii.</span> 
     </span>
    </p>

    <p class='ocr_par' dir='ltr' id='par_1_22' title="bbox 209 2789 953 2843">
     <span class='ocr_line' id='line_1_39' title="bbox 209 2789 953 2843; baseline 0.004 -14"><span class='ocrx_word' id='word_1_296' title='bbox 209 2802 300 2843; x_wconf 85' lang='lat'>174,</span> <span class='ocrx_word' id='word_1_297' title='bbox 330 2804 364 2830; x_wconf 91' lang='lat'>1.</span> <span class='ocrx_word' id='word_1_298' title='bbox 397 2792 481 2830; x_wconf 86' lang='grc' dir='ltr'>ἐστι</span> <span class='ocrx_word' id='word_1_299' title='bbox 501 2789 663 2831; x_wconf 73' lang='lat' dir='ltr'>addidit</span> <span class='ocrx_word' id='word_1_300' title='bbox 684 2791 953 2832; x_wconf 72' lang='lat' dir='ltr'>Villoisonus.</span> 
     </span>
    </p>

    <p class='ocr_par' dir='ltr' id='par_1_23' title="bbox 143 2857 1674 3053">
     <span class='ocr_line' id='line_1_40' title="bbox 207 2857 1674 2914; baseline 0.003 -16"><span class='ocrx_word' id='word_1_301' title='bbox 207 2859 299 2910; x_wconf 88' lang='lat'>176,</span> <span class='ocrx_word' id='word_1_302' title='bbox 329 2872 391 2899; x_wconf 82' lang='lat'>10.</span> <span class='ocrx_word' id='word_1_303' title='bbox 424 2857 592 2898; x_wconf 81' lang='lat' dir='ltr'>Falsum</span> <span class='ocrx_word' id='word_1_304' title='bbox 623 2864 685 2900; x_wconf 72' lang='lat' dir='ltr'>est</span> <span class='ocrx_word' id='word_1_305' title='bbox 715 2859 824 2913; x_wconf 90' lang='lat' dir='ltr'>quod</span> <span class='ocrx_word' id='word_1_306' title='bbox 861 2864 1084 2913; x_wconf 79' lang='lat' dir='ltr'>praeeunte</span> <span class='ocrx_word' id='word_1_307' title='bbox 1123 2859 1281 2901; x_wconf 71' lang='lat' dir='ltr'>Cobe‘co</span> <span class='ocrx_word' id='word_1_308' title='bbox 1317 2864 1434 2914; x_wconf 80' lang='grc' dir='ltr'>διχῶς</span> <span class='ocrx_word' id='word_1_309' title='bbox 1470 2861 1514 2902; x_wconf 88' lang='grc'>111</span> <span class='ocrx_word' id='word_1_310' title='bbox 1551 2862 1674 2903; x_wconf 79' lang='lat' dir='ltr'>initio</span> 
     </span>
     <span class='ocr_line' id='line_1_41' title="bbox 145 2927 1672 2982; baseline 0.005 -16"><span class='ocrx_word' id='word_1_311' title='bbox 145 2927 291 2967; x_wconf 85' lang='lat' dir='ltr'>scholii</span> <span class='ocrx_word' id='word_1_312' title='bbox 312 2927 363 2967; x_wconf 85' lang='lat' dir='ltr'>ab</span> <span class='ocrx_word' id='word_1_313' title='bbox 385 2927 424 2967; x_wconf 95' lang='lat' dir='ltr'><strong>A</strong></span> <span class='ocrx_word' id='word_1_314' title='bbox 446 2927 583 2967; x_wconf 81' lang='lat' dir='ltr'>abesse</span> <span class='ocrx_word' id='word_1_315' title='bbox 605 2927 705 2969; x_wconf 76' lang='lat' dir='ltr'>dixi.</span> <span class='ocrx_word' id='word_1_316' title='bbox 766 2928 879 2969; x_wconf 82' lang='lat' dir='ltr'>Nam</span> <span class='ocrx_word' id='word_1_317' title='bbox 903 2928 986 2982; x_wconf 81' lang='lat' dir='ltr'>legi</span> <span class='ocrx_word' id='word_1_318' title='bbox 1009 2928 1050 2968; x_wconf 90' lang='lat' dir='ltr'>in</span> <span class='ocrx_word' id='word_1_319' title='bbox 1071 2928 1210 2969; x_wconf 81' lang='lat' dir='ltr'>codice</span> <span class='ocrx_word' id='word_1_320' title='bbox 1231 2932 1411 2970; x_wconf 67' lang='lat' dir='ltr'>testatur</span> <span class='ocrx_word' id='word_1_321' title='bbox 1433 2930 1672 2973; x_wconf 75' lang='lat' dir='ltr'><strong>Roemerus.</strong></span> 
     </span>
     <span class='ocr_line' id='line_1_42' title="bbox 143 2995 1672 3053; baseline 0.003 -18"><span class='ocrx_word' id='word_1_322' title='bbox 143 2995 294 3035; x_wconf 76' lang='lat' dir='ltr'>Totum</span> <span class='ocrx_word' id='word_1_323' title='bbox 332 2995 466 3048; x_wconf 70' lang='lat' dir='ltr'>igitur</span> <span class='ocrx_word' id='word_1_324' title='bbox 507 2995 691 3035; x_wconf 87' lang='lat' dir='ltr'>scholion</span> <span class='ocrx_word' id='word_1_325' title='bbox 733 2996 790 3037; x_wconf 77' lang='lat' dir='ltr'>sic</span> <span class='ocrx_word' id='word_1_326' title='bbox 831 2998 1108 3047; x_wconf 81' lang='lat' dir='ltr'>scribendum,</span> <span class='ocrx_word' id='word_1_327' title='bbox 1151 3001 1266 3051; x_wconf 80' lang='grc' dir='ltr'>διχῶς</span> <span class='ocrx_word' id='word_1_328' title='bbox 1308 2999 1370 3039; x_wconf 83' lang='grc' dir='ltr'>καὶ</span> <span class='ocrx_word' id='word_1_329' title='bbox 1406 3000 1539 3040; x_wconf 81' lang='grc' dir='ltr'>ἵπποιν</span> <span class='ocrx_word' id='word_1_330' title='bbox 1574 2999 1672 3053; x_wconf 80' lang='lat' dir='ltr'>(quo</span> 
     </span>
    </p>

    <p class='ocr_par' dir='ltr' id='par_1_24' title="bbox 198 3066 950 3105">
     <span class='ocr_line' id='line_1_43' title="bbox 198 3066 950 3105; baseline 0.001 -3"><span class='ocrx_word' id='word_1_331' title='bbox 198 3075 289 3103; x_wconf 73' lang='lat' dir='ltr'>voi..</span> <span class='ocrx_word' id='word_1_332' title='bbox 312 3077 369 3105; x_wconf 75' lang='lat' dir='ltr'>iv,</span> <span class='ocrx_word' id='word_1_333' title='bbox 879 3078 903 3103; x_wconf 80' lang='lat' dir='ltr'>l)</span> <span class='ocrx_word' id='word_1_334' title='bbox 925 3066 950 3104; x_wconf 79' lang='lat' dir='ltr'>d</span> 
     </span>
    </p>
   </div>
  </div>
 </body>
</html>
