1959 3319
783 137 1092 178 ADDENDA.
1617 137 1701 177 393

177 241 405 283 Duchesnii
445 240 684 295 apographo
725 239 846 289 edidi,
886 241 944 280 ὅτι
985 239 1238 292 προενεκτέον
1277 239 1431 292 ἀρηγών
1470 239 1520 281 ὡς
1560 238 1698 288 ἀηδών·

175 311 283 363 λέγει
318 312 391 363 γὰρ
428 311 491 350 καὶ
525 311 706 362 ἀλλαχοῦ
742 308 813 364 (Il.
845 322 884 359 4,
920 308 962 364 7)
994 309 1184 360 ἀρηγόνες
1215 308 1265 350 ὡς
1300 308 1472 357 ἀηδόνες.
1535 306 1603 346 Ad
1636 316 1699 358 17,

173 386 272 430 425.
313 378 509 431 χάλκεονε
552 377 611 417 ὅτι
642 376 735 428 πρὸς
765 376 833 417 τὸν
862 376 1075 427 Ὄλυμπον
1106 375 1426 424 ἀντιδιέσταλται,
1463 374 1698 429 pariterque

173 447 225 486 ad
251 456 317 498 17,
347 457 448 499 492.
484 458 549 501 19,
580 458 674 499 149.
708 445 800 497 176.
835 445 931 498 276.
992 444 1122 484 Plena
1152 443 1329 484 formula
1359 458 1457 483 usus
1488 446 1551 483 est
1582 442 1699 482 scho-

171 513 295 554 liasta
323 514 490 554 Athous
519 514 571 555 ad
603 525 665 566 17,
700 514 780 569 366
813 529 853 567 p.
882 527 976 568 139,
1010 523 1075 565 27,
1105 513 1166 553 ed.
1200 511 1335 553 Oxon.
1367 513 1389 563 ἡ
1421 515 1537 562 διπλῆ
1569 511 1611 552 δὲ
1642 512 1701 551 ὅτι

174 583 388 633 Ζηνόδοτος
428 583 640 635 γράφει-,
679 582 906 636 iisdemque
941 581 1079 622 verbis
1114 580 1165 620 ad
1202 590 1263 632 17,
1302 589 1381 633 551
1422 595 1462 633 p.
1510 592 1602 630 140,
1647 589 1699 632 27

172 653 215 691 et
234 651 287 691 ad
313 664 376 705 19,
402 661 483 705 225
505 666 546 704 p.
575 650 666 700 188,
692 661 760 704 27.
821 650 948 691 Porro
979 650 1024 689 in
1055 648 1209 690 scholio
1240 648 1293 688 ad
1327 659 1390 700 17,
1423 648 1503 703 387
1538 663 1578 701 p.
1606 661 1698 700 140,

174 731 212 761 2.
244 719 288 760 τὸ
320 720 362 760 δὲ
394 724 556 771 σημεῖον
586 721 645 760 ὅτι
677 721 778 762 ἰδίως
810 719 929 760 εἶπεν.
963 717 1014 759 ad
1041 728 1104 770 17,
1135 726 1217 768 447
1240 732 1279 770 p.
1309 730 1398 767 140,
1428 729 1491 757 ΙΙ.
1525 720 1702 767 σημεῖον,

172 789 230 828 ὅτι
250 790 327 829 πᾶν
345 788 420 839 μὲν
441 788 622 841 ἔμψυχον
642 789 920 829 ὑποπέπτωκεν
941 788 1091 840 ἀτυχίᾳ,
1115 786 1240 826 πλέον
1262 785 1304 825 δὲ
1322 787 1342 825 ὁ
1359 785 1574 836 ἄνθρωπος,
1596 798 1700 838 quae

170 854 315 896 iisdem
336 855 471 897 verbis
491 856 692 910 leguntur
712 855 758 895 in
779 856 950 896 Veneto·
967 856 1014 904 B,
1038 854 1107 895 sed
1129 853 1279 893 omisso
1302 854 1371 893 ὅτι.

228 923 280 964 Ι11
311 924 465 965 scholio
487 940 525 965 v.
548 937 647 977 424.
672 923 728 981 (p.
753 924 847 973 216,
876 934 926 977 15
949 924 1008 965 ed.
1032 921 1188 977 Oxon.)
1214 922 1342 961 codex
1371 921 1498 961 habet
1529 921 1698 977 εὐχρυσῇ

168 993 331 1047 βελόνῃ,
353 993 462 1046 quod
484 997 594 1034 recte
614 993 660 1033 in
682 994 858 1047 εὐχρύσῳ
880 993 1029 1048 βελόνῃ
1050 990 1236 1031 mutavit
1258 990 1534 1030 Duchcsnius.

226 1061 281 1101 In
313 1061 468 1103 scholio
497 1077 536 1104 v,
564 1062 663 1104 626,
695 1076 770 1116 pro
803 1062 1021 1102 ἐπλεόνασε
1051 1060 1095 1100 τὸ
1123 1059 1265 1111 μέτρον
1295 1061 1405 1099 recte
1434 1057 1696 1098 Duchesnius

169 1128 334 1183 scripsit
355 1131 577 1171 ἐπλεόνασε
598 1132 659 1171 διὰ
680 1130 724 1170 τὸ
743 1130 898 1182 μέτρον.

827 1241 856 1277 p
906 1236 1035 1292 (17).

225 1337 322 1382 425.
355 1328 415 1368 ὅτι
454 1328 549 1379 πρὸς
589 1328 659 1369 τὸν
690 1327 902 1378 Ὄλυμπον
940 1327 1263 1368 ἀντιδιέσταλται.
1328 1325 1396 1365 Sic
1436 1324 1575 1375 codex,
1613 1341 1697 1368 non

169 1397 406 1445 διέσταλται,
429 1399 477 1436 ut
499 1410 549 1437 ex
569 1395 808 1450 apographo
835 1395 1065 1436 Duchesnii
1094 1395 1138 1434 in
1167 1394 1347 1435 editione
1376 1394 1511 1435 Oxon.
1534 1409 1574 1448 p.
1603 1408 1694 1447 140,

170 1474 208 1518 5.
229 1463 398 1519 legitur.

228 1543 322 1586 751.
356 1533 401 1574 P.
430 1534 520 1584 146,
550 1547 600 1574 10
622 1533 665 1573 in
687 1533 823 1574 codiee
844 1548 926 1574 non
949 1537 1012 1573 est·
1041 1533 1160 1573 οὕτως
1180 1530 1450 1585 Ἀρίσταρχος,
1475 1531 1545 1572 sed
1576 1533 1695 1575 οὕτως

168 1603 207 1642 αἱ
227 1601 503 1656 Ἀριστάρχου.

823 1719 858 1757 T
908 1715 1036 1771 (19).

228 1820 319 1862 193.
352 1807 399 1849 P.
428 1808 520 1857 188,
548 1820 612 1858 14.
647 1808 1051 1859 κούρητας-εἴπομεν
1072 1806 1114 1847 δὲ
1136 1806 1207 1858 ἤδη
1236 1807 1323 1859 περὶ
1353 1809 1420 1858 τῆς
1451 1806 1690 1864 προσῳδίας]

166 1876 354 1930 Respicit
384 1876 436 1917 ad
467 1876 652 1917 scholion
686 1875 994 1917 Herodianeum
1027 1876 1078 1916 acl
1111 1875 1162 1915 Il.
1189 1889 1226 1930 9,
1257 1886 1340 1930 529
1366 1891 1406 1930 p.
1431 1876 1526 1931 328,
1556 1890 1605 1931 13
1628 1876 1692 1917 cd.

164 1944 300 1985 Oxon.

222 2013 474 2055 Omittimus
508 2013 672 2068 copiosa
706 2028 811 2068 quae
841 2027 892 2054 ex
922 2012 1060 2055 codice
1091 2013 1233 2055 Athoo
1265 2012 1528 2055 Duehesnius
1559 2013 1693 2055 edidit

162 2083 426 2137 glossemata,
450 2082 493 2123 in
519 2083 670 2137 quibus
692 2082 797 2122 nihil
822 2082 1089 2123 memorabile
1111 2082 1387 2136 dcprehendi3
1419 2097 1516 2123 nam
1536 2098 1692 2137 magna

161 2165 212 2192 ex
233 2154 351 2205 parte
371 2150 514 2192 eadem
542 2155 642 2192 sunt
670 2166 772 2205 quae
801 2151 912 2192 inter
934 2151 1089 2192 scholia
1110 2151 1271 2191 minora
1291 2150 1492 2205 leguntur
1513 2151 1564 2191 ab
1588 2152 1691 2193 Iano

162 2219 329 2261 Lasoari
349 2219 464 2261 edita
484 2220 642 2260 Romae.
668 2229 789 2273 1517.
851 2219 915 2261 De
946 2223 1116 2261 externa
1146 2219 1298 2260 codicis
1327 2219 1562 2261 conditione
1590 2221 1690 2262 haec

160 2287 344 2341 prodidit
374 2288 639 2328 Duchesnius
668 2303 709 2343 p.
742 2289 797 2345 36
800 2298 851 2341 5:
895 2289 994 2329 “Le
1029 2289 1259 2330 manuscrit
1290 2292 1353 2329 est
1384 2303 1435 2328 en
1465 2288 1609 2342 papier
1639 2291 1689 2331 de

161 2355 316 2405 chiffre,
333 2357 390 2396 du
407 2356 507 2397 XVe
528 2355 661 2398 siecle.
711 2357 833 2398 Cette
855 2358 950 2399 date
972 2372 1013 2399 se
1034 2357 1179 2399 deduit
1200 2358 1249 2397 de
1270 2357 1490 2405 vem-iture,
1509 2358 1613 2398 dont
1634 2373 1688 2398 on

160 2427 353 2465 trouvera
383 2439 439 2465 un
456 2425 686 2480 fac-simile
718 2426 812 2480 plus
833 2426 919 2467 loin
941 2425 1000 2482 (p.
1022 2426 1125 2483 443)
1157 2430 1199 2467 et
1230 2425 1437 2466 d’ailleurs
1468 2424 1544 2465 elle
1572 2441 1596 2466 a
1620 2427 1687 2467 ete

160 2492 331 2534 inserite
367 2508 438 2534 sur
472 2494 510 2535 le
544 2495 773 2536 manuscrit
808 2494 1027 2536 lui-meme
1063 2510 1137 2549 par
1168 2509 1249 2535 une
1279 2508 1482 2547 personne
1513 2493 1616 2534 dont
1647 2495 1687 2535 la

160 2561 425 2615 competence
451 2561 559 2603 n'est
586 2578 659 2617 pas
680 2564 890 2605 douteuse.
951 2564 990 2604 Il
1019 2578 1072 2604 ne
1102 2563 1288 2604 contient
1318 2565 1436 2602 autre
1460 2562 1581 2603 chose
1607 2577 1686 2617 que

159 2629 331 2680 l’Iliacle,
355 2629 458 2671 dont
478 2631 516 2672 le
537 2634 650 2672 texte
671 2634 735 2673 est
756 2632 932 2673 encadre
952 2633 1054 2672 dans
1078 2647 1158 2672 une
1188 2631 1290 2672 serie
1310 2631 1359 2671 (le
1385 2630 1558 2671 scholies
1579 2632 1684 2672 tres-

160 2698 415 2740 abondantes
445 2714 498 2739 au
528 2705 889 2750 commencement,
912 2715 1022 2742 rares
1047 2701 1074 2741 ὲ,
1098 2701 1138 2741 la
1168 2700 1226 2740 fin
1255 2703 1299 2740 et
1324 2700 1374 2740 de
1401 2700 1536 2740 mains
1565 2699 1684 2741 diffe-

159 2770 321 2808 rentes:
354 2768 462 2808 deux
482 2768 532 2809 de
553 2783 617 2809 ces
637 2769 773 2810 mains
795 2770 1025 2811 seulement
1045 2768 1178 2810 m'ont
1202 2783 1306 2822 paru
1328 2768 1684 2821 contemporaines

160 2834 210 2876 de
240 2834 445 2877 l’ecriture
475 2836 700 2890 primitive.
762 2838 825 2878 La
858 2838 1060 2892 premiere
1095 2840 1158 2878 est
1193 2836 1293 2878 celle
1328 2836 1385 2877 du
1415 2837 1571 2890 copiste
1600 2836 1682 2878 lui-

159 2902 307 2953 meme‚
342 2902 383 2944 la
423 2904 594 2945 seconde
634 2908 697 2946 est
736 2908 760 2946 ὲ.
795 2905 915 2960 peine
955 2906 1218 2960 posterieure.
1296 2905 1365 2946 On
1401 2904 1461 2945 lui
1501 2905 1590 2947 doit
1625 2921 1683 2946 un

159 2971 316 3012 certain
355 2971 526 3013 nombre
562 2972 612 3013 (16
648 2974 950 3027 comparaisons
987 2978 1102 3016 entre
1142 2974 1180 3014 le
1221 2975 1334 3014 texte
1375 2972 1600 3015 d’Homere
1641 2977 1684 3014 et
