1959 3319
230 125 313 164 412
845 123 878 162 A
889 122 1152 165 DDENDA.

235 226 459 277 προσώπου·
504 226 702 265 ὑπόκειται
733 227 807 277 γὰρ
829 226 851 276 ἡ
872 224 1122 278 Ἀνδρομάχη
1148 226 1302 276 τοιαύτη
1326 226 1384 266 καὶ
1407 226 1472 266 οὐκ
1505 227 1671 279 ἀπείρως
1699 229 1761 269 καὶ

233 294 322 336 τοὺς
337 293 527 346 ’Έκτορος
548 295 687 335 ἵππους
709 297 945 345 τημελοῦσα.

292 374 389 417 332,
416 374 482 416 29.
518 362 714 403 Scholion
752 361 975 416 Porphyrii
1011 361 1054 401 in
1089 362 1178 403 cod.
1218 362 1329 402 Scor.
1369 365 1595 416 Πορφυρίου
1633 365 1687 407 εἷς
1717 364 1762 405 τὸ

236 435 259 452 “
275 432 424 482 τύμβον
446 430 477 471 δ’
502 432 602 483 ἀμφὶ
624 432 745 483 πυρὴν
766 431 835 472 ἕνα
859 432 1027 485 χεύομεν
1058 429 1358 483 ἐξαγαγόντες.”
1418 433 1469 486 τῷ
1502 431 1762 485 ἐξαγαγόντες

236 500 374 549 ὁμοίως
406 502 458 553 τῷ
493 499 732 552 “ε’σάγουσα
764 503 963 552 θυγατρῶν
995 498 1094 541 εἶδος
1130 497 1329 549 &psai-2711„
1362 499 1554 551 κέχρηται·
1603 501 1652 542 ὡς
1688 503 1762 553 γὰρ

233 571 345 608 τοῦτο
368 569 548 619 σημαίνει
570 568 613 608 τὸ
638 568 950 620 εἰσπορευομένη,
975 569 1073 608 οὕτω
1105 566 1148 606 τὸ
1180 565 1440 619 ἐξαγαγόντες
1466 569 1763 619 ἐκπορευθέντες

233 640 301 676 τοῦ
331 638 463 677 πεδίου
495 636 562 677 ἕνα
589 637 740 687 τύμβον
771 635 927 677 πάντων
958 637 1113 688 ἄκριτον
1144 636 1360 685 ἐποιοῦντο,
1392 635 1567 676 τουτέστι
1597 637 1649 688 μὴ
1678 636 1759 677 καθ’

234 704 402 746 ἕκαστον
424 709 500 746 τῶν
521 707 762 756 τεθνηκότων
784 703 1091 755 διακεκριμένων.

285 774 381 828 336,
411 787 474 813 11.
509 772 684 830 ἀπαθῶς]
719 774 895 828 Corrige
927 774 1080 825 ἀμαθῶς
1111 786 1206 813 cum
1243 772 1400 814 Cobeto
1436 772 1596 816 Mnem.
1632 789 1762 815 novae

231 842 312 883 vol.
336 856 364 893 4
385 857 423 896 p.
450 855 545 897 279.

289 911 386 965 384,
417 924 479 966 13.
514 911 709 952 Scholion
731 911 953 965 Porphyrii
975 910 1018 950 in
1041 911 1127 952 cod.
1152 910 1264 951 Scor.
1290 912 1531 963 Πορφυρίου.
1569 909 1762 964 Ἀπρεπὲς

232 982 338 1020 δοκεῖ
371 979 749 1031 καταλαμβάνεσθαι
785 980 1039 1031 κιθαρίζοντα.
1103 979 1238 1019 λύεται
1274 979 1309 1018 δ’
1344 980 1386 1019 ἐκ
1421 982 1490 1020 τοῦ
1526 984 1670 1031 καιροῦ·
1719 982 1762 1021 ἐν

230 1050 305 1100 γὰρ
342 1049 447 1089 νυκτὶ
484 1049 551 1089 οὐκ
589 1048 879 1100 ἀπρεπέστερον
911 1049 1044 1090 ἄλλως
1078 1047 1435 1098 καταλαμβάνεται.
1503 1049 1762 1100 γυμνάζεσθαι

230 1118 303 1167 μὲν
324 1119 398 1169 γὰρ
431 1119 481 1171 τῷ
514 1118 664 1168 σώματι
697 1118 763 1158 οὐκ
794 1117 841 1168 ἦν
873 1118 972 1157 τότε·
1007 1116 1242 1166 κοιμώμενος
1264 1115 1305 1156 δὲ
1325 1114 1348 1166 ὴ
1370 1117 1618 1170 παννυχίζων
1645 1118 1762 1168 ἀπρε-

231 1185 419 1236 πέστερος
441 1187 658 1237 ηὑρίσκετο.

288 1266 385 1304 414,
408 1266 446 1305 9.
482 1253 677 1294 Scholion
699 1252 923 1306 Porphyrii
946 1252 985 1292 in
1009 1252 1097 1293 cod.
1123 1252 1235 1293 Scor.
1264 1253 1502 1304 Πορφυρίου.
1565 1252 1764 1305 Ἀπρεπὲς

231 1325 339 1362 δοκεῖ
364 1322 408 1362 τὸ
428 1323 479 1373 μὴ
501 1324 578 1363 ὑπό
609 1340 713 1365 τινος
743 1323 868 1363 ἄλλου
900 1324 1110 1372 πεισθῆναι
1141 1321 1208 1362 τὸν
1240 1321 1491 1374 Μελέαγρον,
1515 1323 1619 1362 ἀλλὰ
1646 1323 1763 1373 μόνης

231 1393 298 1441 τῆς
319 1393 511 1443 γυναικός.
575 1393 662 1432 λύει
688 1390 721 1432 δ’
746 1392 766 1430 ὁ
793 1392 934 1442 καιρός.
999 1395 1021 1412 “
1038 1388 1128 1430 ἀλλ’
1151 1391 1214 1430 ὅτε
1247 1390 1292 1441 δὴ
1325 1390 1499 1441 θάλαμος
1529 1389 1616 1431 πύκ’
1639 1391 1760 1441 ἐβάλ-

232 1458 365 1499 λετο.”

290 1541 370 1581 491
398 1527 440 1567 in
462 1532 602 1571 annot.
628 1534 649 1550 ‘⁶
664 1528 801 1569 codice
822 1528 985 1568 Veneto
1001 1526 1044 1585 ²³]
1069 1527 1243 1581 Cori-ige
1265 1527 1394 1568 codici
1416 1527 1591 1569 Veneto.

289 1607 386 1651 435,
417 1606 481 1648 25.
516 1597 785 1651 Perspicuum
808 1600 883 1647 est,
901 1600 949 1637 ut
971 1596 1135 1637 monuit
1152 1595 1335 1636 Cobessus
1354 1596 1515 1637 Mncm.
1534 1611 1664 1637 novae
1682 1597 1761 1637 vol.

230 1678 257 1714 4
287 1680 324 1718 p.
350 1667 447 1719 263,
474 1666 541 1707 τὸν
570 1667 703 1720 χορὸν,
736 1667 779 1706 τὸ
812 1670 983 1719 χρυσοῦν
1013 1666 1142 1718 γένος,
1174 1665 1218 1705 in
1250 1680 1413 1705 scenam
1446 1666 1628 1715 introire,
1661 1680 1763 1719 quos

231 1734 367 1774 neseio
406 1735 498 1788 quis
535 1734 723 1789 singulos
754 1734 1012 1775 introeuntes
1044 1733 1245 1775 nominat.
1308 1734 1465 1775 Omnes
1496 1737 1594 1774 sunt
1624 1734 1763 1788 aliqua

230 1802 410 1855 corporis
431 1803 522 1844 labe
543 1807 617 1844 aut
638 1803 744 1844 vitio
766 1810 839 1844 aut
859 1803 1124 1845 deformitate
1144 1803 1351 1857 insigniti.

872 2020 1007 2061 VOL.
1039 2020 1117 2061 IV.

294 2162 359 2203 23,
390 2163 450 2190 11.
486 2151 771 2201 ειἀσπαίροντα
802 2149 832 2190 δ’
857 2147 1024 2191 ἕπειτα”
1046 2149 1145 2205 (Od.
1174 2162 1239 2199 12,
1265 2149 1364 2203 254)
1399 2151 1459 2190 καὶ
1487 2155 1508 2171 “
1523 2151 1764 2202 ἀσπαίροντα

233 2217 409 2267 λαβών”
432 2216 530 2273 (Od.
560 2232 624 2272 19,
649 2217 771 2275 229)]
808 2218 923 2258 Haec
954 2218 1104 2258 collato
1131 2217 1286 2258 scholio
1310 2233 1348 2271 p.
1374 2231 1468 2267 200,
1495 2219 1560 2268 26,
1584 2218 1641 2258 sic
1666 2222 1765 2258 sunt,

234 2286 278 2325 in
316 2285 501 2326 ordinem
540 2286 766 2340 redigenda
800 2292 822 2309 “
839 2287 1081 2338 ἀσπαίροντα
1119 2285 1148 2327 δ’
1182 2286 1314 2327 ἔπειτα
1351 2289 1492 2337 λαβών
1507 2285 1529 2301 ”
1561 2285 1659 2341 (Od.
1698 2298 1763 2336 12,

237 2355 338 2410 254)
362 2355 422 2395 καὶ
447 2360 468 2377 “
485 2357 726 2407 ἀσπαίροντα
758 2355 865 2397 λάων
880 2354 901 2371 ”
924 2354 1022 2411 (Od.
1052 2369 1116 2410 19,
1141 2355 1255 2411 229).
1318 2355 1440 2395 Prius
1461 2355 1697 2409 exemplum
1719 2355 1764 2395 in

234 2423 390 2464 scholio
412 2424 542 2465 albero
564 2424 675 2464 haud
696 2424 819 2464 dubie
840 2423 997 2464 librarii
1020 2423 1139 2478 culpa
1160 2423 1324 2466 exciditv.

293 2502 359 2545 25,
385 2502 452 2546 35.
486 2491 687 2550 πεπίηται]
713 2492 887 2546 Corrige
909 2493 1126 2543 πεποίηται.

291 2575 361 2613 44,
387 2572 424 2614 7.
459 2560 566 2619 οὐδὲ]
591 2562 852 2616 Typohhetae
873 2576 985 2602 error
1006 2576 1079 2615 pro
1102 2562 1225 2602 οὐδέν.

293 2640 363 2681 52,
386 2641 427 2684 5.
460 2631 527 2671 οὐκ
551 2633 593 2672 ἐν
614 2629 736 2687 VilL]
762 2632 850 2685 οὐχὶ
872 2630 921 2671 Β.

294 2700 359 2753 83,
391 2713 452 2749 14.
484 2699 598 2739 Anto
640 2701 745 2740 ὅλων
785 2698 940 2740 excidit
980 2698 1211 2739 asheriscus.
1293 2699 1407 2739 Nam
1448 2702 1634 2739 extrema
1673 2713 1766 2753 pars

236 2767 379 2808 scholii
413 2767 502 2823 (lin.
535 2767 720 2824 14—20)
753 2768 1130 2820 ὅλων-στοιχείων
1161 2766 1203 2806 in
1236 2767 1271 2807 B
1304 2767 1459 2822 scripta
1490 2771 1553 2808 est
1583 2783 1608 2808 a
1637 2782 1765 2807 manu

237 2836 427 2877 secunda.

297 2914 389 2957 135,
414 2918 452 2957 3.
486 2904 563 2945 ἀπὸ
586 2903 789 2961 Βουδείου]
814 2904 933 2945 ’κάπὸ
956 2905 1114 2945 Βούδου.

299 2973 391 3027 169,
416 2986 482 3027 33.
517 2974 624 3014 ἀλλὰ
645 2971 765 3030 μόνα]
796 2973 924 3014 Recte
946 2974 1053 3014 ἀλλὰ
1075 2975 1136 3014 διὰ
1157 2975 1258 3024 μόνα
1280 2973 1315 3013 Β
1336 2989 1360 3013 ει
1382 2988 1436 3016 m.
1460 2973 1648 3014 secunda.
