1959 3319
241 153 327 191 4104·
855 151 1065 191 ADDEN
1072 152 1163 193 DA.

241 254 478 294 coniectura
508 254 627 294 valde
658 253 826 302 incerta,
859 268 940 306 qua
970 267 1051 293 non
1084 267 1186 306 opus
1221 256 1321 302 crat,
1355 267 1483 306 quum
1514 255 1535 292 ὅ
1566 270 1618 305 γα
1654 252 1769 294 κακὸς

243 326 376 374 θαρρεῖ
412 321 502 373 μάλ’
541 322 695 362 ἄπωθεν
734 321 858 362 scribi
895 321 1038 375 possit.
1099 321 1213 362 Nam
1249 321 1526 374 Epicharmus
1561 321 1605 360 in
1640 323 1769 360 tetra-

241 391 384 430 metris
400 389 619 430 trochaicis
642 391 802 445 saepius
823 405 920 431 usus
942 392 1005 430 est
1025 389 1191 444 dactylo
1213 404 1286 443 pro
1303 390 1506 441 trochaeo,
1524 388 1640 429 velut
1655 387 1765 441 apud

240 459 395 499 Athen.
420 471 443 501 2
467 473 506 512 p.
528 472 583 511 49
606 474 639 500 c.

404 528 488 568 ἔστι
509 527 540 568 δ’
564 527 672 578 ὄνομ’
695 528 795 582 αὐτῷ
818 528 984 578 τρίπους,
1008 527 1166 579 τέτορας
1188 543 1239 578 γα
1260 528 1334 576 μὰν
1357 527 1439 579 ἔχει
1462 527 1594 568 πόδας.

299 597 393 650 263,
422 605 484 648 17.
517 596 777 646 ἐκτελέεσθαι,
801 593 869 652 ἵν’]
895 595 1157 643 ἐκτελέεσθαι,
1180 596 1244 636 ἵνα
1264 595 1316 636 A.

299 664 394 715 264,
422 677 486 705 11.
521 664 758 705 Delendum
780 666 921 714 ἄλλως,
944 664 1053 718 quod
1074 678 1159 704 non
1180 667 1242 704 est
1264 663 1309 703 in
1330 664 1382 703 A.

298 734 395 785 265,
418 742 455 785 5.
479 733 518 774 6.
552 733 882 774 Aunotationem
923 732 981 773 sic
1022 732 1182 786 corrigo
1226 737 1248 754 ‘⁶
1265 732 1319 771 In
1365 746 1498 785 marg.
1540 731 1662 772 inter.
1705 727 1766 772 ουτ

239 799 402 856 ἀρίσταῖ)
423 805 606 855 πυρκαϊὰς
628 802 721 859 (sic)
746 805 841 843 κατὰ
867 800 1062 854 γενικήν.”

297 872 393 925 265,
417 872 484 914 26.
509 882 573 924 27.
610 871 805 912 Scholion
840 871 917 912 hoc
954 871 996 910 in
1032 871 1072 910 A
1108 884 1191 910 non
1221 869 1358 910 versui
1394 878 1474 921 451
1509 868 1765 922 adscriptum

238 944 312 988 est,
337 941 407 981 scd
429 941 565 981 versui
586 940 686 994 458,
708 940 780 980 ubi
802 941 927 980 verba
949 940 1089 980 eadem
1111 938 1325 993 leguntur.

298 1009 393 1058 266,
431 1022 495 1050 11.
539 1010 591 1049 In
630 1010 669 1049 A
711 1008 992 1061 ἀνδροκτείνειν
1043 1009 1105 1048 καὶ
1154 1008 1205 1059 μὴ
1255 1010 1321 1058 τῆς
1372 1008 1584 1058 ἐπιβουλῆς
1628 1006 1766 1057 ταύτης

239 1078 463 1131 ἀποτυχεῖν.

298 1146 391 1198 267,
418 1159 485 1186 21.
518 1149 575 1186 ὅτι
598 1147 681 1186 ἀντὶ
702 1143 790 1201 τοῦ]
817 1146 875 1186 καὶ
897 1146 956 1186 ὅτι
979 1146 1062 1186 ἀντὶ
1083 1149 1151 1185 τοῦ
1173 1145 1224 1184 A.

298 1215 392 1266 278,
421 1227 484 1254 10.
518 1212 680 1271 ἀνώγει]
706 1213 848 1254 Scribe
869 1214 1012 1265 ἀνώγοι
1034 1228 1084 1253 ox
1106 1214 1157 1253 A.

297 1296 391 1338 293,
420 1294 483 1336 17.
517 1280 835 1339 Ἀριστάρχειον]
862 1283 989 1323 Recte
1012 1283 1051 1321 A
1076 1281 1373 1335 Ἀριστάρχειον
1395 1281 1565 1334 γραφήν.

295 1365 393 1407 303,
420 1361 484 1404 15.
517 1349 604 1408 τοῦ]
630 1351 758 1392 Recte
779 1351 822 1391 τὸ
846 1351 1028 1391 Cobctus
1052 1350 1213 1391 Mnem.
1235 1364 1364 1390 novae
1387 1349 1466 1390 vol.
1489 1363 1516 1400 4
1538 1364 1576 1402 p.
1602 1348 1696 1391 262.

295 1434 391 1476 303,
420 1421 483 1461 18.
515 1420 655 1461 Verba
676 1422 820 1473 poetae
840 1420 1033 1461 πολέεσσι
1056 1418 1085 1460 δ’
1110 1419 1299 1461 ἀνάσσεις
1320 1418 1482 1458 addidit
1504 1417 1604 1458 Vill.

295 1499 390 1544 307,
416 1489 482 1531 28.
519 1486 688 1546 πρῶτον]
711 1493 861 1541 πρῶτος
881 1490 921 1528 Α
942 1492 1064 1529 reete.

295 1558 389 1612 316,
418 1572 454 1599 1.
486 1555 764 1614 Ἀρίσταρχος]
789 1556 908 1598 Adde
930 1556 1074 1609 γράφει
1096 1572 1146 1597 ex
1168 1558 1219 1597 A.

294 1636 389 1681 317,
414 1640 482 1681 30.
516 1626 648 1666 Recta
669 1641 793 1680 quam
826 1625 1023 1666 Lehrsius
1055 1626 1243 1666 restituit
1274 1626 1479 1679 scriptura
1511 1624 1767 1677 ἀρέσκουσαν,

236 1695 383 1748 θυμήρη
404 1698 466 1736 est
487 1695 532 1735 in
556 1695 698 1747 Etym.
722 1695 786 1736 M.
809 1710 848 1748 p.
871 1695 968 1748 458,
995 1707 1062 1737 22.

294 1776 390 1818 324,
428 1777 491 1819 13.
526 1764 604 1815 ἅμα
638 1778 712 1817 pro
745 1765 853 1804 ἀλλὰ
883 1763 967 1803 iam
1009 1763 1249 1804 Mcinekius
1283 1765 1513 1804 correxerat
1544 1763 1689 1803 Exere.
1723 1763 1769 1803 in

236 1832 500 1873 Athenaeum
526 1846 542 1872 1
569 1848 609 1887 p.
639 1846 704 1876 2ο.

293 1910 388 1955 327,
411 1914 452 1953 4.
486 1901 680 1943 ἐλεεινοὺς
702 1901 809 1942 male
832 1901 1061 1943 Bekkerus.
1124 1901 1253 1942 Recte
1270 1901 1376 1942 Vcn.
1401 1902 1440 1941 A
1460 1904 1502 1941 ct
1525 1900 1560 1940 B
1583 1901 1763 1942 ἐλεεινοί.

236 1969 288 2010 In
311 1970 475 2011 scholiis
498 1969 728 2012 minoribus
749 1972 939 2012 ἐλεεινόν.

293 2049 389 2094 327,
418 2052 480 2079 11.
515 2038 715 2079 Delcatur
735 2039 966 2081 asteriscus.

293 2119 387 2162 327,
416 2108 478 2148 18.
511 2108 630 2148 Adde
653 2116 735 2161 515
760 2108 777 2128 *
793 2108 901 2151 εὐθὺς
923 2110 1117 2158 δηλονότι.

293 2189 390 2230 331,
415 2186 480 2229 25.
513 2174 662 2232 λείπει]
688 2177 864 2217 ἐλλείπει
885 2179 993 2216 recte
1015 2177 1066 2218 A.

293 2245 390 2299 361,
419 2258 481 2284 11.
515 2244 597 2284 Pro
618 2244 859 2295 ὀνοματικὸς,
882 2244 991 2298 quod
1022 2248 1085 2285 ost
1116 2245 1159 2284 in
1191 2245 1242 2294 A,
1267 2246 1493 2287 Roemerus
1518 2245 1561 2285 in
1593 2260 1765 2286 censura

235 2327 275 2365 p.
308 2321 391 2363 452
421 2311 596 2352 coniecit
628 2314 686 2352 ὅτι
718 2313 1106 2364 ὠνοματοπεποίηκεν
1137 2315 1157 2354 ὁ
1189 2314 1350 2365 ποιητής
1379 2314 1443 2354 Vel
1477 2315 1534 2354 ὅτι
1566 2314 1765 2365 ὠνοματο-

233 2383 450 2431 πεποίηται,
473 2381 622 2421 collata
643 2380 874 2422 Aristonici
895 2383 1167 2423 annotatione
1188 2383 1240 2423 ad
1268 2397 1329 2433 14,
1356 2396 1378 2425 2
1383 2392 1423 2435 5.

291 2451 387 2505 362,
415 2463 480 2490 10.
509 2453 652 2501 διπλῆν
672 2451 840 2501 βάλλων
861 2453 912 2505 τῷ
933 2449 1077 2507 στίχῳ]
1103 2452 1375 2504 προσβάλλων
1397 2451 1578 2493 Cobetus
1600 2452 1761 2493 Mnem.

234 2533 362 2560 novae
383 2519 462 2559 vol.
486 2532 514 2569 4
535 2534 575 2573 p.
601 2529 696 2573 279.
761 2519 854 2561 Quo
877 2534 958 2560 non
981 2535 1094 2573 opuS.

292 2588 389 2642 365,
417 2600 481 2629 12.
516 2590 577 2629 καὶ
600 2589 658 2629 ὅτι
679 2587 832 2645 ὅμοιον]
866 2590 925 2629 καὶ
948 2590 1057 2629 ἔστιν
1078 2590 1214 2639 ὅμοιον
1238 2590 1463 2631 Roemerus
1484 2591 1528 2631 in
1551 2605 1761 2632 commcn-

234 2657 393 2697 tatione
415 2657 465 2697 dc
487 2656 765 2697 Aristarchois
787 2672 826 2711 p.
853 2667 947 2710 257.

293 2736 388 2780 373,
414 2737 480 2778 29.
514 2727 550 2766 οἱ
583 2728 709 2768 ἱππεῖς
741 2727 878 2779 ὀλίγον
907 2728 1135 2778 μετεκίαθον
1167 2727 1313 2785 αὐτῶν]
1354 2728 1626 2769 Scribendum
1653 2743 1703 2770 cx
1724 2730 1763 2768 A

233 2795 269 2833 οἱ
307 2796 434 2836 ἱππεῖς
469 2796 498 2847 fit.
530 2792 551 2835 τ’
582 2795 701 2843 ἔκιον,
732 2810 835 2849 quac
870 2796 1114 2849 compendia
1144 2797 1242 2851 quid
1275 2797 1514 2852 significent
1545 2812 1594 2838 cx
1626 2797 1762 2838 verbis

232 2862 376 2902 scholii
400 2863 566 2918 reliquis
588 2863 854 2917 intelligitur.

291 2931 387 2985 381,
415 2945 478 2974 11.
512 2933 615 2973 Dclc
637 2933 761 2973 verba.
782 2935 866 2975 οἷον
888 2934 949 2974 καὶ
972 2940 993 2957 “
1009 2936 1097 2976 τότε
1118 2953 1181 2987 μοι
1203 2936 1319 2990 χάνοι
1341 2936 1469 2988 εὐρεῖα
1490 2934 1636 2990 χθών,”
1659 2949 1762 2989 quac

235 3000 449 3041 Bekkcrus
471 3016 520 3042 ex
541 3002 623 3042 alio
645 3001 781 3043 codice
802 3001 962 3043 intulit.
